% Это произведение доступно по лицензии Creative Commons
% «Attribution-ShareAlike» («Атрибуция — На тех же условиях») 4.0
% Всемирная. Чтобы увидеть копию этой лицензии, посетите
% http://creativecommons.org/licenses/by-sa/4.0/.

@proceedings{XI-пленум-ИККИ,
  title =		 {XI~пленум ИККИ. Стенографический отчёт},
  publisher =	 {Партиздат},
  year =		 {1932},
  language =	 {russian},
  keywords =	 {марксизм-ленинизм}
}

@inproceedings{Мануильский:кризис-капитализма,
  author =		 {Мануильский, Д. З},
  title =		 {Компартии и кризис капитализма},
  titleaddon =	 {Доклад на XI~пленуме ИККИ},
  pages =		 {4--83},
  crossref =	 {XI-пленум-ИККИ}
}

@inproceedings{Мануильский:кризис-капитализма:закл.,
  author =       {Мануильский, Д. З},
  title =        {Компартии и кризис капитализма. Заключительное
                  слово},
  titleaddon =   {Доклад на XI~пленуме ИККИ},
  pages =        {596--619},
  crossref =	 {XI-пленум-ИККИ}
}

@proceedings{VI-конгресс-КИ,
  title =		 {VI~конгресс Коминтерна. Стенографический отчёт},
  publisher =	 {Государственное издательство},
  year =		 {1929},
  language =	 {russian},
  keywords =	 {марксизм-ленинизм}
}

@inproceedings{Программа-Коминтерна:Введение,
  title =		 {Программа-Коминтерна. Введение},
  pages =		 {7--55},
  crossref =	 {VI-конгресс-КИ}
}
