% Это произведение доступно по лицензии Creative Commons
% «Attribution-ShareAlike» («Атрибуция — На тех же условиях») 4.0
% Всемирная. Чтобы увидеть копию этой лицензии, посетите
% http://creativecommons.org/licenses/by-sa/4.0/.

@book{Ленин:ПСС:1,
  author =		 {Ленин, В. И},
  title =		 {В.\,И.\,Ленин. Полное собрание сочинений},
  shortseries =	 {ПСС},
  edition =		 5,
  volume =		 1,
  address =		 {Москва},
  publisher =	 {Издательство политической литературы},
  year =		 {1967},
  language =	 {russian},
  keywords =	 {марксизм-ленинизм}
}

@inbook{Ленин:друзья-народа,
  author =		 {Ленин, В. И},
  title =		 {Что такое \qq{друзья народа} и как они воюют против
                  социал\hyp демократов?},
  titleaddon =	 {Ответ на статьи \qq{Русского Богатства} против
                  марксистов},
  pages =		 {125--346},
  crossref =	 {Ленин:ПСС:1}
}

@inbook{Ленин:содержание-народничества,
  author =		 {Ленин, В. И},
  title =		 {Экономическое содержание народничества и критика его
                  в~книге г.\,Струве},
  titleaddon =	 {Отражение марксизма в~буржуазной литературе},
  pages =		 {347--534},
  crossref =	 {Ленин:ПСС:1}
}

@book{Ленин:ПСС:2,
  author =		 {Ленин, В. И},
  title =		 {В.\,И.\,Ленин. Полное собрание сочинений},
  shortseries =	 {ПСС},
  edition =		 5,
  volume =		 2,
  address =		 {Москва},
  publisher =	 {Издательство политической литературы},
  year =		 {1967},
  language =	 {russian},
  keywords =	 {марксизм-ленинизм}
}
 
@inbook{Ленин:Фридрих-Энгельс,
  author =		 {Ленин, В. И},
  title =		 {Фридрих Энгельс},
  pages =		 {1--14},
  crossref =	 {Ленин:ПСС:2}
}

@book{Ленин:ПСС:3,
  author =		 {Ленин, В. И},
  title =		 {В.\,И.\,Ленин. Полное собрание сочинений},
  shortseries =	 {ПСС},
  edition =		 5,
  volume =		 3,
  address =		 {Москва},
  publisher =	 {Издательство политической литературы},
  year =		 {1970},
  language =	 {russian},
  keywords =	 {марксизм-ленинизм}
}

@inbook{Ленин:Развитие-капитализма-в-России,
  author =		 {Ленин, В. И},
  title =		 {Развитие капитализма в~России},
  titleaddon =	 {Процесс образования внутреннего рынка для крупной
                  промышленности},
  pages =		 {1--609},
  crossref =	 {Ленин:ПСС:3}
}

@book{Ленин:ПСС:4,
  author =		 {Ленин, В. И},
  title =		 {В.\,И.\,Ленин. Полное собрание сочинений},
  shortseries =	 {ПСС},
  edition =		 5,
  volume =		 4,
  address =		 {Москва},
  publisher =	 {Издательство политической литературы},
  year =		 {1967},
  language =	 {russian},
  keywords =	 {марксизм-ленинизм}
}

@inbook{Ленин:Рецензия-на-Каутского-Бернштейна,
  author =		 {Ленин, В. И},
  title =		 {Рецензия на книгу К.\,Каутского \qq{Бернштейн и
                  социал\hyp демократическая программа}. Антикнирика},
  titleaddon =	 {Karl Kautsky. Bernstein und das sozialdemokratische
                  Programm.  Eine Antikritik},
  pages =		 {199--210},
  crossref =	 {Ленин:ПСС:4}
}

@book{Ленин:ПСС:6,
  author =		 {Ленин, В. И},
  title =		 {В.\,И.\,Ленин. Полное собрание сочинений},
  shortseries =	 {ПСС},
  edition =		 5,
  volume =		 6,
  address =		 {Москва},
  publisher =	 {Издательство политической литературы},
  year =		 {1972},
  language =	 {russian},
  keywords =	 {марксизм-ленинизм}
}

@inbook{Ленин:Что-делать?,
  author =		 {Ленин, В. И},
  title =		 {Что делать?},
  titleaddon =	 {Наболевшие вопросы нашего движения},
  pages =		 {1--192},
  crossref =	 {Ленин:ПСС:6}
}

@inbook{Ленин:Отзыв-о-2-проекте-Плеханова,
  author =		 {Ленин, В. И},
  title =		 {Отзыв о~втором проекте программы Плеханова},
  pages =		 {236--238},
  crossref =	 {Ленин:ПСС:6}
}

@inbook{Ленин:агитация-и-классовая-точка-зрения,
  author =		 {Ленин, В. И},
  title =		 {Политическая агитация и \qq{классовая точка зрения}},
  pages =		 {264--270},
  crossref =	 {Ленин:ПСС:6}
}

@book{Ленин:ПСС:7,
  author =		 {Ленин, В. И},
  title =		 {В.\,И.\,Ленин. Полное собрание сочинений},
  shortseries =	 {ПСС},
  edition =		 5,
  volume =		 7,
  address =		 {Москва},
  publisher =	 {Издательство политической литературы},
  year =		 {1967},
  language =	 {russian},
  keywords =	 {марксизм-ленинизм}
}

@inbook{Ленин:Вульгарный-социализм-и-народничество,
  author =		 {Ленин, В. И},
  title =		 {Вульгарный социализм и народничество, воскрешаемые
                  социалистами\hyp революционерами},
  titleaddon =	 {Кризис в~нашей партии},
  pages =		 {43--50},
  crossref =	 {Ленин:ПСС:7}
}

@book{Ленин:ПСС:8,
  author =		 {Ленин, В. И},
  title =		 {В.\,И.\,Ленин. Полное собрание сочинений},
  shortseries =	 {ПСС},
  edition =		 5,
  volume =		 8,
  address =		 {Москва},
  publisher =	 {Издательство политической литературы},
  year =		 {1967},
  language =	 {russian},
  keywords =	 {марксизм-ленинизм}
}

@inbook{Ленин:два-шага,
  author =		 {Ленин, В. И},
  title =		 {Шаг вперед, два шага назад},
  titleaddon =	 {Кризис в~нашей партии},
  pages =		 {185--414},
  crossref =	 {Ленин:ПСС:8}
}

@book{Ленин:ПСС:10,
  author =		 {Ленин, В. И},
  title =		 {В.\,И.\,Ленин. Полное собрание сочинений},
  shortseries =	 {ПСС},
  edition =		 5,
  volume =		 10,
  address =		 {Москва},
  publisher =	 {Издательство политической литературы},
  year =		 {1967},
  language =	 {russian},
  keywords =	 {марксизм-ленинизм}
}

@inbook{Ленин:диктатура-пролетариата-и-крестьянства,
  author =		 {Ленин, В. И},
  title =		 {Революционная демократическая диктатура пролетариата
                  и крестьянства},
  pages =		 {20--31},
  crossref =	 {Ленин:ПСС:10}
}

@book{Ленин:ПСС:11,
  author =		 {Ленин, В. И},
  title =		 {В.\,И.\,Ленин. Полное собрание сочинений},
  shortseries =	 {ПСС},
  edition =		 5,
  volume =		 11,
  address =		 {Москва},
  publisher =	 {Государственное издательство политической
                  литературы},
  year =		 {1960},
  language =	 {russian},
  keywords =	 {марксизм-ленинизм}
}

@inbook{Ленин:Отношение-СД-к-крестьянскому-движению,
  author =		 {Ленин, В. И},
  title =		 {Отношение социал\hyp демократии к~крестьянскому
                  движению},
  pages =		 {215--224},
  crossref =	 {Ленин:ПСС:11}
}

@inbook{Ленин:Задачи-отрядов-революционной-армии,
  author =		 {Ленин, В. И},
  title =		 {Задачи отрядов революционной армии},
  pages =		 {339--343},
  crossref =	 {Ленин:ПСС:11}
}

@book{Ленин:ПСС:12,
  author =		 {Ленин, В. И},
  title =		 {В.\,И.\,Ленин. Полное собрание сочинений},
  shortseries =	 {ПСС},
  edition =		 5,
  volume =		 12,
  address =		 {Москва},
  publisher =	 {Издательство политической литературы},
  year =		 {1972},
  language =	 {russian},
  keywords =	 {марксизм-ленинизм}
}

@inbook{Ленин:Социалистическая-партия-и-беспартийная,
  author =		 {Ленин, В. И},
  title =		 {Социалистическая партия и беспартийная
                  революционность},
  pages =		 {133--141},
  crossref =	 {Ленин:ПСС:12}
} % (кк)

@inbook{Ленин:Социализм-и-религия,
  author =		 {Ленин, В. И},
  title =		 {Социализм и религия},
  pages =		 {142--147},
  crossref =	 {Ленин:ПСС:12}
}

@book{Ленин:ПСС:14,
  author =		 {Ленин, В. И},
  title =		 {В.\,И.\,Ленин. Полное собрание сочинений},
  shortseries =	 {ПСС},
  edition =		 5,
  volume =		 14,
  address =		 {Москва},
  publisher =	 {Издательство политической литературы},
  year =		 {1972},
  language =	 {russian},
  keywords =	 {марксизм-ленинизм}
}

@inbook{Ленин:Готовится-новый-государственный-переворот,
  author =		 {Ленин, В. И},
  title =		 {Готовится новый государственный переворот!},
  pages =		 {13--19},
  crossref =	 {Ленин:ПСС:14}
}

@book{Ленин:ПСС:15,
  author =		 {Ленин, В. И},
  title =		 {В.\,И.\,Ленин. Полное собрание сочинений},
  shortseries =	 {ПСС},
  edition =		 5,
  volume =		 15,
  address =		 {Москва},
  publisher =	 {Издательство политической литературы},
  year =		 {1972},
  language =	 {russian},
  keywords =	 {марксизм-ленинизм}
}

@inbook{Ленин:О-тактике-оппортунизма,
  author =		 {Ленин, В. И},
  title =		 {О~тактике оппортунизма},
  pages =		 {57--62},
  crossref =	 {Ленин:ПСС:15}
}

@inbook{Ленин:5-съезд:Речь-о-думской-фракции,
  author =		 {Ленин, В. И},
  title =		 {Речь по докладу о деятельности думской фракции
                  8~(21)~мая 1907\,г.},
  pages =		 {322--326},
  crossref =	 {Ленин:ПСС:15}
}

@book{Ленин:ПСС:16,
  author =		 {Ленин, В. И},
  title =		 {В.\,И.\,Ленин. Полное собрание сочинений},
  shortseries =	 {ПСС},
  edition =		 5,
  volume =		 16,
  address =		 {Москва},
  publisher =	 {Издательство политической литературы},
  year =		 {1973},
  language =	 {russian},
  keywords =	 {марксизм-ленинизм}
}

@inbook{Ленин:Против-бойкота,
  author =		 {Ленин, В. И},
  title =		 {Против бойкота},
  titleaddon =	 {Из заметок с.-д. публициста},
  pages =		 {1—-36},
  crossref =	 {Ленин:ПСС:16}
}

@book{Ленин:ПСС:17,
  author =		 {Ленин, В. И},
  title =		 {В.\,И.\,Ленин. Полное собрание сочинений},
  shortseries =	 {ПСС},
  edition =		 5,
  volume =		 17,
  address =		 {Москва},
  publisher =	 {Издательство политической литературы},
  year =		 {1969},
  language =	 {russian},
  keywords =	 {марксизм-ленинизм}
}

@inbook{Ленин:Марксизм-и-ревизионизм,
  author =		 {Ленин, В. И},
  title =		 {Марксизм и ревизионизм},
  pages =		 {15--26},
  crossref =	 {Ленин:ПСС:17}
} %(кк)

@inbook{Ленин:Толстой-зеркало,
  author =		 {Ленин, В. И},
  title =		 {Лев Толстой, как зеркало русской революции},
  pages =		 {206--213},
  crossref =	 {Ленин:ПСС:17}
}

@inbook{Ленин:Об-отношении-рабочей-партии-к-религии,
  author =		 {Ленин, В. И},
  title =		 {Об~отношении рабочей партии к~религии},
  pages =		 {415--426},
  crossref =	 {Ленин:ПСС:17}
}

@book{Ленин:ПСС:18,
  author =		 {Ленин, В. И},
  title =		 {В.\,И.\,Ленин. Полное собрание сочинений},
  shortseries =	 {ПСС},
  edition =		 5,
  volume =		 18,
  address =		 {Москва},
  publisher =	 {Издательство политической литературы},
  year =		 {1968},
  language =	 {russian},
  keywords =	 {марксизм-ленинизм}
}

@inbook{Ленин:МиЭ,
  author =		 {Ленин, В. И},
  title =		 {Материализм и эмпириокритицизм},
  titleaddon =	 {Критические заметки об одной реакционной философии},
  pages =		 {7--384},
  crossref =	 {Ленин:ПСС:18}
}

@book{Ленин:ПСС:19,
  author =		 {Ленин, В. И},
  title =		 {В.\,И.\,Ленин. Полное собрание сочинений},
  shortseries =	 {ПСС},
  edition =		 5,
  volume =		 19,
  address =		 {Москва},
  publisher =	 {Издательство политической литературы},
  year =		 {1968},
  language =	 {russian},
  keywords =	 {марксизм-ленинизм}
}

@inbook{Ленин:Заметки-публициста:1910,
  author =		 {Ленин, В. И},
  title =		 {Заметки публициста. 6~(19)~марта и 25~мая (7~июня)
                  1910\,г.},
  pages =		 {239--304},
  crossref =	 {Ленин:ПСС:19}
}

@inbook{Ленин:Исторический-смысл,
  author =		 {Ленин, В. И},
  title =		 {Исторический смысл внутрипартийной борьбы в~России},
  pages =		 {358--376},
  crossref =	 {Ленин:ПСС:19}
}

@book{Ленин:ПСС:20,
  author =		 {Ленин, В. И},
  title =		 {В.\,И.\,Ленин. Полное собрание сочинений},
  shortseries =	 {ПСС},
  edition =		 5,
  volume =		 20,
  address =		 {Москва},
  publisher =	 {Издательство политической литературы},
  year =		 {1973},
  language =	 {russian},
  keywords =	 {марксизм-ленинизм}
}

@inbook{Ленин:Разногласия-в-европейском,
  author =		 {Ленин, В. И},
  title =		 {Разногласия в~европейском рабочем движении},
  pages =		 {62--69},
  crossref =	 {Ленин:ПСС:20}
}

@inbook{Ленин:О-некоторых-особенностях,
  author =		 {Ленин, В. И},
  title =		 {О~некоторых особенностях исторического развития
                  марксизма},
  pages =		 {84--89},
  crossref =	 {Ленин:ПСС:20}
}

@inbook{Ленин:Наши-упразднители,
  author =		 {Ленин, В. И},
  title =		 {Наши упразднители},
  titleaddon =	 {О~г.\,Потресове и В.\,Базарове},
  pages =		 {114--133},
  crossref =	 {Ленин:ПСС:20}
}

@inbook{Ленин:Из-лагеря-столыпинской,
  author =		 {Ленин, В. И},
  title =		 {Из~лагеря столыпинской \qq{рабочей} партии},
  titleaddon =	 {Посвящается нашим \qq{примирителям} и
                  \qq{соглашателям}},
  pages =		 {319--321},
  crossref =	 {Ленин:ПСС:20}
}

@book{Ленин:ПСС:22,
  author =		 {Ленин, В. И},
  title =		 {В.\,И.\,Ленин. Полное собрание сочинений},
  shortseries =	 {ПСС},
  edition =		 5,
  volume =		 22,
  address =		 {Москва},
  publisher =	 {Издательство политической литературы},
  year =		 {1968},
  language =	 {russian},
  keywords =	 {марксизм-ленинизм}
}

@inbook{Ленин:Платформа-реформистов-и-революционных,
  author =		 {Ленин, В. И},
  title =		 {Платформа реформистов и платформа революционных
                  социал\hyp демократов},
  pages =		 {167--175},
  crossref =	 {Ленин:ПСС:22}
}

@book{Ленин:ПСС:23,
  author =		 {Ленин, В. И},
  title =		 {В.\,И.\,Ленин. Полное собрание сочинений},
  shortseries =	 {ПСС},
  edition =		 5,
  volume =		 23,
  address =		 {Москва},
  publisher =	 {Издательство политической литературы},
  year =		 {1970},
  language =	 {russian},
  keywords =	 {марксизм-ленинизм}
}

@inbook{Ленин:Исторические-судьбы-учения-Маркса,
  author =		 {Ленин, В. И},
  title =		 {Исторические судьбы учения Карла Маркса},
  pages =		 {1--4},
  crossref =	 {Ленин:ПСС:23}
}

@inbook{Ленин:Три-источника,
  author =		 {Ленин, В. И},
  title =		 {Три источника и три составных части марксизма},
  pages =		 {40--48},
  crossref =	 {Ленин:ПСС:23}
} %(кк)

@inbook{Ленин:побед-техники,
  author =		 {Ленин, В. И},
  title =		 {Одна из великих побед техники},
  pages =		 {93--95},
  crossref =	 {Ленин:ПСС:23}
}

@inbook{Ленин:О-либеральном-и-марксистском-КБ,
  author =		 {Ленин, В. И},
  title =		 {О~либеральном и марксистском понятии классовой
                  борьбы},
  titleaddon =	 {Заметка},
  pages =		 {236--241},
  crossref =	 {Ленин:ПСС:23}
}

@book{Ленин:ПСС:24,
  author =		 {Ленин, В. И},
  title =		 {В.\,И.\,Ленин. Полное собрание сочинений},
  shortseries =	 {ПСС},
  edition =		 5,
  volume =		 24,
  address =		 {Москва},
  publisher =	 {Издательство политической литературы},
  year =		 {1970},
  language =	 {russian},
  keywords =	 {марксизм-ленинизм}
}

@inbook{Ленин:Цивилизованное-варварство,
  author =		 {Ленин, В. И},
  title =		 {Цивилизованное варварство},
  pages =		 {16--17},
  crossref =	 {Ленин:ПСС:24}
}

@inbook{Ленин:Хорошая-резолюция-и-плохая-речь,
  author =		 {Ленин, В. И},
  title =		 {Хорошая резолюция и плохая речь},
  pages =		 {211--213},
  crossref =	 {Ленин:ПСС:24}
}

@inbook{Ленин:О-недопустимой-ошибке-Каутского,
  author =		 {Ленин, В. И},
  title =		 {О~недопустимой ошибке Каутского},
  pages =		 {230--232},
  crossref =	 {Ленин:ПСС:24}
}

@inbook{Ленин:Переписка-М-Э,
  author =		 {Ленин, В. И},
  title =		 {Переписка Маркса с~Энгельсом},
  pages =		 {262—-269},
  crossref =	 {Ленин:ПСС:24}
}

@inbook{Ленин:Система-Тэйлора,
  author =		 {Ленин, В. И},
  title =		 {Система Тейлора --- порабощение человека машиной},
  pages =		 {369--371},
  crossref =	 {Ленин:ПСС:24}
}

@book{Ленин:ПСС:25,
  author =		 {Ленин, В. И},
  title =		 {В.\,И.\,Ленин. Полное собрание сочинений},
  shortseries =	 {ПСС},
  edition =		 5,
  volume =		 25,
  address =		 {Москва},
  publisher =	 {Издательство политической литературы},
  year =		 {1969},
  language =	 {russian},
  keywords =	 {марксизм-ленинизм}
}

@inbook{Ленин:Поспешишь-людей-насмешишь,
  author =		 {Ленин, В. И},
  title =		 {Поспешишь~--- людей насмешишь},
  pages =		 {180--182},
  crossref =	 {Ленин:ПСС:25}
}

@inbook{Ленин:О-праве-наций-на-самоопределение,
  author =		 {Ленин, В. И},
  title =		 {О~праве наций на~самоопределение},
  pages =		 {255--320},
  crossref =	 {Ленин:ПСС:25}
}

@book{Ленин:ПСС:26,
  author =		 {Ленин, В. И},
  title =		 {В.\,И.\,Ленин. Полное собрание сочинений},
  shortseries =	 {ПСС},
  edition =		 5,
  volume =		 26,
  address =		 {Москва},
  publisher =	 {Издательство политической литературы},
  year =		 {1969},
  language =	 {russian},
  keywords =	 {марксизм-ленинизм}
}

@inbook{Ленин:Положение-и-задачи-соц-Интернационала,
  author =		 {Ленин, В. И},
  title =		 {Положение и задачи социалистического Интернационала},
  pages =		 {36--42},
  crossref =	 {Ленин:ПСС:26}
}

@inbook{Ленин:Карл-Маркс,
  author =		 {Ленин, В. И},
  title =		 {Карл Маркс},
  titleaddon =	 {Краткий биографический очерк с~изложением марксизма},
  pages =		 {43--93},
  crossref =	 {Ленин:ПСС:26}
}

@inbook{Ленин:Крах-II-Интернационала,
  author =		 {Ленин, В. И},
  title =		 {Крах II~Интернационала},
  pages =		 {209--265},
  crossref =	 {Ленин:ПСС:26}
}

@inbook{Ленин:Социализм-и-война,
  author =		 {Ленин, В. И},
  title =		 {Социализм и война},
  titleaddon =	 {Отношение РСДРП к войне},
  pages =		 {307--350},
  crossref =	 {Ленин:ПСС:26}
}

@inbook{Ленин:О-лозунге-СШЕ,
  author =		 {Ленин, В. И},
  title =		 {О~лозунге Соединенных Штатов Европы},
  pages =		 {351--355},
  crossref =	 {Ленин:ПСС:26}
}

@book{Ленин:ПСС:27,
  author =		 {Ленин, В. И},
  title =		 {В.\,И.\,Ленин. Полное собрание сочинений},
  shortseries =	 {ПСС},
  edition =		 5,
  volume =		 27,
  address =		 {Москва},
  publisher =	 {Издательство политической литературы},
  year =		 {1969},
  language =	 {russian},
  keywords =	 {марксизм-ленинизм}
}

@inbook{Ленин:Предисловие-к-Мировому-хозяйству,
  author =		 {Ленин, В. И},
  title =		 {Предисловие к~брошюре Н.\,Бухарина \qq{Мировое
                  хозяйство и империализм}},
  pages =		 {93—98},
  crossref =	 {Ленин:ПСС:27}
}

@inbook{Ленин:Империализм,
  author =		 {Ленин, В. И},
  title =		 {Империализм, как высшая стадия капитализма},
  titleaddon =	 {Популярный очерк},
  pages =		 {299--426},
  crossref =	 {Ленин:ПСС:27}
}

@book{Ленин:ПСС:29,
  author =		 {Ленин, В. И},
  title =		 {В.\,И.\,Ленин. Полное собрание сочинений},
  shortseries =	 {ПСС},
  edition =		 5,
  volume =		 29,
  address =		 {Москва},
  publisher =	 {Издательство политической литературы},
  year =		 {1969},
  language =	 {russian},
  keywords =	 {марксизм-ленинизм}
}

@inbook{Ленин:Гегель:НЛ,
  author =		 {Ленин, В. И},
  title =		 {Конспект книги Гегеля \qq{Наука логики}},
  pages =		 {77--218},
  crossref =	 {Ленин:ПСС:29}
}

@inbook{Ленин:Гегель:ИФ,
  author =		 {Ленин, В. И},
  title =		 {Конспект книги Гегеля \qq{Лекции по истории
                  философии}},
  pages =		 {219--278},
  crossref =	 {Ленин:ПСС:29}
}

@inbook{Ленин:Гегель:ФИ,
  author =		 {Ленин, В. И},
  title =		 {Конспект книги Гегеля \qq{Лекции по философии истории}},
  pages =		 {279--290},
  crossref =	 {Ленин:ПСС:29}
}

@inbook{Ленин:Гегель:план,
  author =		 {Ленин, В. И},
  title =		 {План диалектики (Логики) Гегеля},
  titleaddon =	 {Оглавление малой Логики (Энциклопедии)},
  pages =		 {297--302},
  crossref =	 {Ленин:ПСС:29}
}

@inbook{Ленин:Лассаль:Гераклит,
  author =		 {Ленин, В. И},
  title =		 {Конспект книги Лассаля \qq{Философия Гераклита
                  Темного из Эфеса}},
  pages =		 {303--315},
  crossref =	 {Ленин:ПСС:29}
}

@inbook{Ленин:К-вопросу-о-диалектике,
  author =		 {Ленин, В. И},
  title =		 {К~вопросу о~диалектике},
  pages =		 {316--322},
  crossref =	 {Ленин:ПСС:29}
}

@inbook{Ленин:Аристотель:Метафизика,
  author =		 {Ленин, В. И},
  title =		 {Конспект книги Аристотеля \qq{Метафизика}},
  pages =		 {323--332},
  crossref =	 {Ленин:ПСС:29}
}

@book{Ленин:ПСС:30,
  author =		 {Ленин, В. И},
  title =		 {В.\,И.\,Ленин. Полное собрание сочинений},
  shortseries =	 {ПСС},
  edition =		 5,
  volume =		 30,
  address =		 {Москва},
  publisher =	 {Издательство политической литературы},
  year =		 {1969},
  language =	 {russian},
  keywords =	 {марксизм-ленинизм}
}

@inbook{Ленин:О-брошюре-Юниуса,
  author =		 {Ленин, В. И},
  title =		 {О~брошюре Юниуса},
  pages =		 {1--16},
  crossref =	 {Ленин:ПСС:30}
}

@inbook{Ленин:Итоги-дискуссии-о-самоопределении,
  author =		 {Ленин, В. И},
  title =		 {Итоги дискуссии о~самоопределении},
  pages =		 {17--58},
  crossref =	 {Ленин:ПСС:30}
}

@inbook{Ленин:Принципиальные-положения-о-войне,
  author =		 {Ленин, В. И},
  title =		 {Принципиальные положения к~вопросу о~войне},
  pages =		 {212--222},
  crossref =	 {Ленин:ПСС:30}
}

@book{Ленин:ПСС:31,
  author =		 {Ленин, В. И},
  title =		 {В.\,И.\,Ленин. Полное собрание сочинений},
  shortseries =	 {ПСС},
  edition =		 5,
  volume =		 31,
  address =		 {Москва},
  publisher =	 {Издательство политической литературы},
  year =		 {1969},
  language =	 {russian},
  keywords =	 {марксизм-ленинизм}
}

@inbook{Ленин:Письма-о-тактике,
  author =		 {Ленин, В. И},
  title =		 {Письма о~тактике},
  pages =		 {131--144},
  crossref =	 {Ленин:ПСС:31}
}

@inbook{Ленин:оборончество,
  author =		 {Ленин, В. И},
  title =		 {Добросовестное оборончество показывает себя},
  pages =		 {314--316},
  crossref =	 {Ленин:ПСС:31}
}

@book{Ленин:ПСС:32,
  author =		 {Ленин, В. И},
  title =		 {В.\,И.\,Ленин. Полное собрание сочинений},
  shortseries =	 {ПСС},
  edition =		 5,
  volume =		 32,
  address =		 {Москва},
  publisher =	 {Издательство политической литературы},
  year =		 {1969},
  language =	 {russian},
  keywords =	 {марксизм-ленинизм}
}

@inbook{Ленин:кавеньяки,
  author =		 {Ленин, В. И},
  title =		 {Из какого классового источника приходят и
                  \qq{придут} Кавеньяки?},
  pages =		 {343--346},
  crossref =	 {Ленин:ПСС:32}
}

@book{Ленин:ПСС:33,
  author =		 {Ленин, В. И},
  title =		 {В.\,И.\,Ленин. Полное собрание сочинений},
  shortseries =	 {ПСС},
  edition =		 5,
  volume =		 33,
  address =		 {Москва},
  publisher =	 {Издательство политической литературы},
  year =		 {1969},
  language =	 {russian},
  keywords =	 {марксизм-ленинизм}
}

@inbook{Ленин:Государство-и-революция,
  author =		 {Ленин, В. И},
  title =		 {Государство и революция},
  titleaddon =	 {Учение марксизма о~государстве и задачи пролетариата
                  в~революции},
  pages =		 {1--120},
  crossref =	 {Ленин:ПСС:33}
}

@inbook{Ленин:Марксизм-о-государстве,
  author =		 {Ленин, В. И},
  title =		 {Марксизм о~государстве},
  titleaddon =	 {Подготовительные материалы к~книге \qq{Государство и
                  революция}},
  pages =		 {133--156},
  crossref =	 {Ленин:ПСС:33}
} %(кк)

@book{Ленин:ПСС:34,
  author =		 {Ленин, В. И},
  title =		 {В.\,И.\,Ленин. Полное собрание сочинений},
  shortseries =	 {ПСС},
  edition =		 5,
  volume =		 34,
  address =		 {Москва},
  publisher =	 {Издательство политической литературы},
  year =		 {1969},
  language =	 {russian},
  keywords =	 {марксизм-ленинизм}
}

@inbook{Ленин:К-лозунгам,
  author =		 {Ленин, В. И},
  title =		 {К~лозунгам},
  pages =		 {10--17},
  crossref =	 {Ленин:ПСС:34}
}

@inbook{Ленин:Грозящая-катастрофа,
  author =		 {Ленин, В. И},
  title =		 {Грозящая катастрофа и как с~ней бороться},
  pages =		 {151--199},
  crossref =	 {Ленин:ПСС:34}
}

@inbook{Ленин:Советы-постороннего,
  author =		 {Ленин, В. И},
  title =		 {Советы постороннего},
  pages =		 {382--384},
  crossref =	 {Ленин:ПСС:34}
}

@book{Ленин:ПСС:36,
  author =		 {Ленин, В. И},
  title =		 {В.\,И.\,Ленин. Полное собрание сочинений},
  shortseries =	 {ПСС},
  edition =		 5,
  volume =		 36,
  address =		 {Москва},
  publisher =	 {Издательство политической литературы},
  year =		 {1974},
  language =	 {russian},
  keywords =	 {марксизм-ленинизм}
}

@inbook{Ленин:7-экстренный-съезд-РКПб,
  author =		 {Ленин, В. И},
  title =		 {Седьмой экстренный съезд РКП(б)},
  titleaddon =	 {6--8~марта 1918\,г},
  pages =		 {1--76},
  crossref =	 {Ленин:ПСС:36}
}

@inbook{Ленин:7-съезд:Доклад-о-пересмотре-программы,
  author =		 {Ленин, В. И},
  title =		 {Доклад о пересмотре программы и изменении названия
                  партии 8~марта 1918\,г},
  pages =		 {43--57},
  crossref =	 {Ленин:ПСС:36}
}

@inbook{Ленин:Очередные-задачи-Советской-власти,
  author =		 {Ленин, В. И},
  title =		 {Очередные задачи Советской власти},
  pages =		 {165--208},
  crossref =	 {Ленин:ПСС:36}
}

@inbook{Ленин:О-левом-ребячестве,
  author =		 {Ленин, В. И},
  title =		 {О \qq{левом} ребячестве и о мелкобуржуазности},
  pages =		 {283--314},
  crossref =	 {Ленин:ПСС:36}
}

@book{Ленин:ПСС:37,
  author =		 {Ленин, В. И},
  title =		 {В.\,И.\,Ленин. Полное собрание сочинений},
  shortseries =	 {ПСС},
  edition =		 5,
  volume =		 37,
  address =		 {Москва},
  publisher =	 {Издательство политической литературы},
  year =		 {1969},
  language =	 {russian},
  keywords =	 {марксизм-ленинизм}
}

@inbook{Ленин:Ценные-признания-Питирима-Сорокина,
  author =		 {Ленин, В. И},
  title =		 {Ценные признания Питирима Сорокина},
  pages =		 {188--197},
  crossref =	 {Ленин:ПСС:37}
}

@inbook{Ленин:Речь-при-открытии-памятника-МЭ,
  author =		 {Ленин, В. И},
  title =		 {Речь при открытии памятника Марксу И Энгельсу
                  7~ноября 1918\,г.},
  pages =		 {169--170},
  crossref =	 {Ленин:ПСС:37}
}

@inbook{Ленин:ренегат-Каутский,
  author =		 {Ленин, В. И},
  title =		 {Пролетарская революция и ренегат Каутский},
  pages =		 {235--338},
  crossref =	 {Ленин:ПСС:37}
}

@inbook{Ленин:Маленькая-картинка,
  author =		 {Ленин, В. И},
  title =		 {Маленькая картинка для выяснения больших вопросов},
  pages =		 {407--411},
  crossref =	 {Ленин:ПСС:37}
}

@inbook{Ленин:I-Конгресс-КИ,
  author =		 {Ленин, В. И},
  title =		 {I~конгресс Коммунистического Интернационала},
  titleaddon =	 {2--6~марта~1919\,г.},
  pages =		 {487--511},
  crossref =	 {Ленин:ПСС:37}
}

@inbook{Ленин:I-Конгресс-КИ:Доклад-о-буржуазной-демократии-и-ДП,
  author =		 {Ленин, В. И},
  title =		 {Тезисы и доклад о буржуазной демократии и диктатуре
                  пролетариата 4~марта 1919\,г.},
  pages =		 {491--509},
  crossref =	 {Ленин:ПСС:37}
}

@book{Ленин:ПСС:38,
  author =		 {Ленин, В. И},
  title =		 {В.\,И.\,Ленин. Полное собрание сочинений},
  shortseries =	 {ПСС},
  edition =		 5,
  volume =		 38,
  address =		 {Москва},
  publisher =	 {Издательство политической литературы},
  year =		 {1969},
  language =	 {russian},
  keywords =	 {марксизм-ленинизм}
}

@inbook{Ленин:VIII-съезд-РКПб,
  author =		 {Ленин, В. И},
  title =		 {VIII~съезд РКП(б) 18--23~марта 1919\,г.},
  pages =		 {125--215},
  crossref =	 {Ленин:ПСС:38}
}

@inbook{Ленин:VIII-съезд:о-партийной-программе,
  author =		 {Ленин, В. И},
  title =		 {Доклад о партийной программе 19~марта 1919\,г.},
  pages =		 {151--173},
  crossref =	 {Ленин:ПСС:38}
}

@inbook{Ленин:VIII-съезд:о-работе-в-деревне,
  author =		 {Ленин, В. И},
  title =		 {Доклад о работе в деревне 23~марта 1919\,г.},
  pages =		 {187--205},
  crossref =	 {Ленин:ПСС:38}
}

@inbook{Ленин:Речь-об-обмане-народа,
  author =		 {Ленин, В. И},
  title =		 {Речь об обмане народа лозунгами свободы и равенства
                  19~мая 1919\,г.},
  pages =		 {333--372},
  crossref =	 {Ленин:ПСС:38}
}

@inbook{Ленин:Предисловие-к-Речи-об-обмане-народа,
  author =		 {Ленин, В. И},
  title =		 {Предисловие к \qq{Речи об обмане народа лозунгами
                  свободы и равенства}},
  pages =		 {373--377},
  crossref =	 {Ленин:ПСС:38}
}

@inbook{Ленин:Привет-венгерским-рабочим,
  author =		 {Ленин, В. И},
  title =		 {Привет венгерским рабочим},
  pages =		 {384--388},
  crossref =	 {Ленин:ПСС:38}
}

@book{Ленин:ПСС:39,
  author =		 {Ленин, В. И},
  title =		 {В.\,И.\,Ленин. Полное собрание сочинений},
  shortseries =	 {ПСС},
  edition =		 5,
  volume =		 39,
  address =		 {Москва},
  publisher =	 {Издательство политической литературы},
  year =		 {1969},
  language =	 {russian},
  keywords =	 {марксизм-ленинизм}
}

@inbook{Ленин:Великий-почин,
  author =		 {Ленин, В. И},
  title =		 {Великий почин},
  titleaddon =	 {О~героизме рабочих в~тылу. По~поводу
                  \qq{коммунистических субботников}},
  pages =		 {1--29},
  crossref =	 {Ленин:ПСС:39}
}

@inbook{Ленин:О-государстве,
  author =		 {Ленин, В. И},
  title =		 {О~государстве},
  titleaddon =	 {Лекция в~Свердловском университете 11~июля~1919\,г.},
  pages =		 {64--84},
  crossref =	 {Ленин:ПСС:39}
}

@inbook{Ленин:О-задачах-III-Инт,
  author =		 {Ленин, В. И},
  title =		 {О~задачах III~Интернационала},
  titleaddon =	 {Рамсей Макдональд о~III~Интернационале},
  pages =		 {90--109},
  crossref =	 {Ленин:ПСС:39}
}

@inbook{Ленин:Экономика-и-политика-в-эпоху-ДП,
  author =		 {Ленин, В. И},
  title =		 {Экономика и политика в эпоху диктатуры пролетариата},
  pages =		 {271--282},
  crossref =	 {Ленин:ПСС:39}
}

@inbook{Ленин:Черновые-наброски-план-о-ДП,
  author =		 {Ленин, В. И},
  title =		 {Черновые наброски и план брошюры о диктатуре
                  пролетариата},
  pages =		 {453--461},
  crossref =	 {Ленин:ПСС:39}
}

@book{Ленин:ПСС:40,
  author =		 {Ленин, В. И},
  title =		 {В.\,И.\,Ленин. Полное собрание сочинений},
  shortseries =	 {ПСС},
  edition =		 5,
  volume =		 40,
  address =		 {Москва},
  publisher =	 {Издательство политической литературы},
  year =		 {1974},
  language =	 {russian},
  keywords =	 {марксизм-ленинизм}
}

@inbook{Ленин:Выборы-в-УС-и-ДП,
  author =		 {Ленин, В. И},
  title =		 {Выборы в~Учредительное собрание и диктатура
                  пролетариата},
  pages =		 {1--24},
  crossref =	 {Ленин:ПСС:40}
}

@book{Ленин:ПСС:41,
  author =		 {Ленин, В. И},
  title =		 {В.\,И.\,Ленин. Полное собрание сочинений},
  shortseries =	 {ПСС},
  edition =		 5,
  volume =		 41,
  address =		 {Москва},
  publisher =	 {Издательство политической литературы},
  year =		 {1981},
  language =	 {russian},
  keywords =	 {марксизм-ленинизм}
}

@inbook{Ленин:Детская-болезнь,
  author =		 {Ленин, В. И},
  title =		 {Детская болезнь \qq{левизны} в~коммунизме},
  pages =		 {1--104},
  crossref =	 {Ленин:ПСС:41}
}

@inbook{Ленин:Речь-на-соединенном-заседании-ВЦИК,
  author =		 {Ленин, В. И},
  title =		 {Речь на соединенном заседании ВЦИК, московского
                  Совета, профессиональных союзов и фабрично-заводских
                  комитетов 5~мая 1920\,г.},
  pages =		 {112--118},
  crossref =	 {Ленин:ПСС:41}
}

@inbook{Ленин:Тезисы-ко-II-Конгрессу-КИ,
  author =		 {Ленин, В. И},
  title =		 {Тезисы ко II~Конгрессу Коммунистического
                  интернационала},
  pages =		 {159--212},
  crossref =	 {Ленин:ПСС:41}
}

@inbook{Ленин:II-Конгресс-КИ:по-национальному,
  author =		 {Ленин, В. И},
  title =		 {Доклад комиссии по~национальному и колониальному
                  вопросам 26~июля 1920\,г.},
  titleaddon =	 {},
  pages =		 {241--247},
  crossref =	 {Ленин:ПСС:41}
}

@inbook{Ленин:Задачи-союзов-молодёжи,
  author =		 {Ленин, В. И},
  title =		 {Задачи союзов молодежи},
  titleaddon =	 {Речь на III~Всероссийском съезде Российского
                  Коммунистического Союза Молодежи 2~октября 1920\,г.},
  pages =		 {298--318},
  crossref =	 {Ленин:ПСС:41}
}

@inbook{Ленин:К-истории-вопроса-о-диктатуре,
  author =		 {Ленин, В. И},
  title =		 {К истории вопроса о диктатуре},
  titleaddon =	 {Заметка},
  pages =		 {369--391},
  crossref =	 {Ленин:ПСС:41}
}

@book{Ленин:ПСС:42,
  author =		 {Ленин, В. И},
  title =		 {В.\,И.\,Ленин. Полное собрание сочинений},
  shortseries =	 {ПСС},
  edition =		 5,
  volume =		 42,
  address =		 {Москва},
  publisher =	 {Издательство политической литературы},
  year =		 {1970},
  language =	 {russian},
  keywords =	 {марксизм-ленинизм}
}

@inbook{Ленин:Кризис-партии,
  author =		 {Ленин, В. И},
  title =		 {Кризис партии},
  pages =		 {234--244},
  crossref =	 {Ленин:ПСС:42}
}

% РЕЧЬ НА СОЕДИНЕННОМ ЗАСЕДАНИИ
%ДЕЛЕГАТОВ VIII СЪЕЗДА СОВЕТОВ,
%ЧЛЕНОВ ВЦСПС И МГСПС — ЧЛЕНОВ РКП(б)
%30 ДЕКАБРЯ 1920 г.

@inbook{Ленин:О-профсоюзах,
  author =		 {Ленин, В. И},
  title =		 {О~профессиональных союзах, о~текущем моменте и
                  об~ошибках т.\,Троцкого},
  titleaddon =	 {Речь на соединенном заседании делегатов VIII~съезда
                  Советов, членов ВЦСПС и МГСПС~--- членов РКП(б)
                  30~декабря 1920\,г.},
  pages =		 {202--226},
  crossref =	 {Ленин:ПСС:42}
}

@inbook{Ленин:Ещё-раз-о-профсоюзах,
  author =		 {Ленин, В. И},
  title =		 {Еще раз о~профсоюзах},
  titleaddon =	 {Еще раз о~профсоюзах, о~текущем моменте и об~ошибках
                  тт.\,Троцкого и Бухарина},
  pages =		 {264--304},
  crossref =	 {Ленин:ПСС:42}
}

@book{Ленин:ПСС:43,
  author =		 {Ленин, В. И},
  title =		 {В.\,И.\,Ленин. Полное собрание сочинений},
  shortseries =	 {ПСС},
  edition =		 5,
  volume =		 43,
  address =		 {Москва},
  publisher =	 {Издательство политической литературы},
  year =		 {1970},
  language =	 {russian},
  keywords =	 {марксизм-ленинизм}
}

@inbook{Ленин:Доклад-о-единстве-партии,
  author =		 {Ленин, В. И},
  title =		 {Доклад о~единстве партии и анархо\hyp
                  синдикалистском уклоне 16~марта 1921\,г.},
  titleaddon =	 {X~съезд РКП(б) 8--16~марта 1921\,г.},
  pages =		 {98--106},
  crossref =	 {Ленин:ПСС:43}
}

@inbook{Ленин:Речь-на-съезде-транспортных-рабочих,
  author =		 {Ленин, В. И},
  title =		 {Речь на Всероссийском съезде транспортных рабочих
                  27~марта 1921\,г.},
  pages =		 {130--144},
  crossref =	 {Ленин:ПСС:43}
}

@inbook{Ленин:О-продналоге,
  author =		 {Ленин, В. И},
  title =		 {О~продовольственном налоге},
  titleaddon =	 {Значение новой политики и ее условия},
  pages =		 {205--245},
  crossref =	 {Ленин:ПСС:43}
}

@inbook{Ленин:X-Конференция:О-продналоге,
  author =		 {Ленин, В. И},
  title =		 {Доклад о~продовольственном налоге 26~мая 1921\,г.},
  titleaddon =	 {X~Всероссийская конференция РКП(б)
                  26--28~мая 1921\,г.},
  pages =		 {299--316},
  crossref =	 {Ленин:ПСС:43}
}

@inbook{Ленин:X-Конференция:О-продналоге:Закл.,
  author =		 {Ленин, В. И},
  title =		 {Заключительное слово по~докладу о~продовольственном
                  налоге 27~мая 1921\,г.},
  titleaddon =	 {X~Всероссийская конференция РКП(б) 26--28~мая 1921\,г.},
  pages =		 {317--332},
  crossref =	 {Ленин:ПСС:43}
}

@inbook{Ленин:Планы-брошюры-О-продналоге,
  author =		 {Ленин, В. И},
  title =		 {Планы брошюры \qq{О продовольственном налоге}},
  pages =		 {379--387},
  crossref =	 {Ленин:ПСС:43}
}

@book{Ленин:ПСС:44,
  author =		 {Ленин, В. И},
  title =		 {В.\,И.\,Ленин. Полное собрание сочинений},
  shortseries =	 {ПСС},
  edition =		 5,
  volume =		 44,
  address =		 {Москва},
  publisher =	 {Издательство политической литературы},
  year =		 {1970},
  language =	 {russian},
  keywords =	 {марксизм-ленинизм}
}

@inbook{Ленин:III-Конгресс-КИ:Доклад-о-тактике,
  author =		 {Ленин, В. И},
  title =		 {Доклад о~тактике РКП 5~июля 1921\,г.},
  pages =		 {34--54},
  crossref =	 {Ленин:ПСС:44}
}

@book{Ленин:ПСС:45,
  author =		 {Ленин, В. И},
  title =		 {В.\,И.\,Ленин. Полное собрание сочинений},
  shortseries =	 {ПСС},
  edition =		 5,
  volume =		 45,
  address =		 {Москва},
  publisher =	 {Издательство политической литературы},
  year =		 {1970},
  language =	 {russian},
  keywords =	 {марксизм-ленинизм}
}

@inbook{Ленин:О-значении-ВМ,
  author =		 {Ленин, В. И},
  title =		 {О~значении воинствующего материализма},
  pages =		 {23--33},
  crossref =	 {Ленин:ПСС:45}
}

@inbook{Ленин:О-кооперации,
  author =		 {Ленин, В. И},
  title =		 {О~кооперации},
  pages =		 {369--377},
  crossref =	 {Ленин:ПСС:45}
}

@inbook{Ленин:О-нашей-революции,
  author =		 {Ленин, В. И},
  title =		 {О~нашей революции},
  titleaddon =	 {По поводу записок Н.\,Суханова},
  pages =		 {378--382},
  crossref =	 {Ленин:ПСС:45}
}

@inbook{Ленин:Как-нам-реорганизовать-Рабкрин,
  author =		 {Ленин, В. И},
  title =		 {Как нам реорганизовать Рабкрин},
  titleaddon =	 {Предложение XII~съезду партии},
  pages =		 {383--388},
  crossref =	 {Ленин:ПСС:45}
}

@inbook{Ленин:меньше-да-лучше,
  author =		 {Ленин, В. И},
  title =		 {Лучше меньше, да лучше},
  pages =		 {389--406},
  crossref =	 {Ленин:ПСС:45}
}

@book{Ленин:ПСС:47,
  author =		 {Ленин, В. И},
  title =		 {В.\,И.\,Ленин. Полное собрание сочинений},
  shortseries =	 {ПСС},
  edition =		 5,
  volume =		 47,
  address =		 {Москва},
  publisher =	 {Издательство политической литературы},
  year =		 {1970},
  language =	 {russian},
  keywords =	 {марксизм-ленинизм}
}

@inbook{Ленин:Горькому-13.02.1908,
  author =		 {Ленин, В. И},
  title =		 {А.\,М.\,Горькому. 13~февраля 1908\,г.},
  pages =		 {136--138},
  crossref =	 {Ленин:ПСС:47}
}

@book{Ленин:ПСС:48,
  author =		 {Ленин, В. И},
  title =		 {В.\,И.\,Ленин. Полное собрание сочинений},
  shortseries =	 {ПСС},
  edition =		 5,
  volume =		 48,
  address =		 {Москва},
  publisher =	 {Издательство политической литературы},
  year =		 {1970},
  language =	 {russian},
  keywords =	 {марксизм-ленинизм}
}

@inbook{Ленин:Горькому-13.11.1913,
  author =		 {Ленин, В. И},
  title =		 {А.\,М.\,Горькому. 13~или 14~ноября 1913\,г.},
  pages =		 {226--229},
  crossref =	 {Ленин:ПСС:48}
}

@inbook{Ленин:Горькому-11.1913:199,
  author =		 {Ленин, В. И},
  title =		 {А.\,М.\,Горькому во второй половине ноября~1913\,г.},
  pages =		 {226--229},
  crossref =	 {Ленин:ПСС:48}
}

@book{Ленин:ПСС:51,
  author =		 {Ленин, В. И},
  title =		 {В.\,И.\,Ленин. Полное собрание сочинений},
  shortseries =	 {ПСС},
  edition =		 5,
  volume =		 51,
  address =		 {Москва},
  publisher =	 {Издательство политической литературы},
  year =		 {1970},
  language =	 {russian},
  keywords =	 {марксизм-ленинизм}
}

@inbook{Ленин:Бухарину-IX-XII.1920,
  author =		 {Ленин, В. И},
  title =		 {Н.\,И.\,Бухарину. Сентябрь--декабрь 1920\,г.},
  pages =		 {292},
  crossref =	 {Ленин:ПСС:51}
}

@book{Ленин:СБ:V,
  author =		 {Ленин, В. И},
  title =		 {Ленинский сборник},
  edition =		 2,
  volume =		 {V},
  publisher =	 {Институт Ленина при ЦК ВКП(б)},
  year =		 {1929},
  language =	 {russian},
  keywords =	 {марксизм-ленинизм}
}

@inbook{Ленин:К-вопросу-о-задачах-отрядов,
  author =		 {Ленин, В. И},
  title =		 {К~вопросу о~задачах отрядов революционной армии},
  titleaddon =	 {Октябрь~1905\,г.},
  pages =		 {455--456},
  crossref =	 {Ленин:СБ:V}
}

@book{Ленин:СБ:XI,
  author =		 {Ленин, В. И},
  title =		 {Ленинский сборник},
  edition =		 2,
  volume =		 {XI},
  publisher =	 {Институт Ленина при ЦК ВКП(б)},
  year =		 {1931},
  language =	 {russian},
  keywords =	 {марксизм-ленинизм}
}

@inbook{Ленин:Замечания-на-Экономику-Бухарина,
  author =		 {Ленин, В. И},
  title =		 {Замечания на книгу Н.\,И.\,Бухарина \qq{Экономика
                  переходного периода}},
  pages =		 {345--403},
  crossref =	 {Ленин:СБ:XI}
}

%http://books.google.ru/books?ei=0vNPU-HEPMfU4wTJu4CYDQ&hl=ru&id=1EYfAQAAMAAJ&dq=%D0%9B%D0%B5%D0%BD%D0%B8%D0%BD%D1%81%D0%BA%D0%B8%D0%B9+%D1%81%D0%B1%D0%BE%D1%80%D0%BD%D0%B8%D0%BA+XI&focus=searchwithinvolume&q=%D0%AD%D0%BA%D0%BE%D0%BD%D0%BE%D0%BC%D0%B8%D0%BA%D0%B0+%D0%BF%D0%B5%D1%80%D0%B5%D1%85%D0%BE%D0%B4%D0%BD%D0%BE%D0%B3%D0%BE+%D0%BF%D0%B5%D1%80%D0%B8%D0%BE%D0%B4%D0%B0

% http://leninism.su/works/115-conspect/4337-leninskij-sbornik-xi.html?showall=&start=5  ; (кк)
