% Это произведение доступно по лицензии Creative Commons
% «Attribution-ShareAlike» («Атрибуция — На тех же условиях») 4.0
% Всемирная. Чтобы увидеть копию этой лицензии, посетите
% http://creativecommons.org/licenses/by-sa/4.0/.

@book{Маркс-Энгельс:Соч-2:1,
  author =		 {Маркс, К},
  title =		 {К.\,Маркс и Ф.\,Энгельс. Сочинения},
  shortseries =	 {Соч. К.\,Маркса и Ф.\,Энгельса},
  edition =		 2,
  volume =		 1,
  address =		 {Москва},
  publisher =	 {Государственное издательство политической
                  литературы},
  year =		 {1955},
  language =	 {russian},
  keywords =	 {марксизм, классики марксизма}
}

@inbook{Маркс:Дебаты-ландтага:о-свободе-печати,
  author =		 {Маркс, К},
  title =		 {Дебаты шестого рейнского ландтага. Статья первая},
  titleaddon =	 {Дебаты о~свободе печати и об~опубликовании
                  протоколов сословного собрания},
  pages =		 {30--84},
  crossref =	 {Маркс-Энгельс:Соч-2:1}
}

@inbook{Маркс:Философский-манифест-исторической-школы-права,
  author =		 {Маркс, К},
  title =		 {Философский манифест исторической школы права},
  pages =		 {85--92},
  crossref =	 {Маркс-Энгельс:Соч-2:1}
}

@inbook{Маркс:Дебаты-ландтага:о-краже-леса,
  author =		 {Маркс, К},
  title =		 {Дебаты шестого рейнского ландтага. Статья третья},
  titleaddon =	 {Дебаты по~поводу закона о~краже леса},
  pages =		 {119--160},
  crossref =	 {Маркс-Энгельс:Соч-2:1}
}

@inbook{Маркс:Передовица-179,
  author =		 {Маркс, К},
  title =		 {Передовица в~\textnumero\,179~\qq{Kolnische
                  Zeitung}},
  pages =		 {93--113},
  crossref =	 {Маркс-Энгельс:Соч-2:1}
}

@inbook{Маркс:К-критике-фил.права,
  author =		 {Маркс, К},
  title =		 {К~критике гегелевской философии права},
  pages =		 {219--368},
  crossref =	 {Маркс-Энгельс:Соч-2:1}
}

@inbook{Маркс:Письма:DF-Jahrbucher,
  author =		 {Маркс, К},
  title =		 {Письма из \qq{Deutsch\hyp Franzosische Jahrbucher}},
  titleaddon =	 {к~Руге. Март, май и сентябрь 1843\,г.},
  pages =		 {371--381},
  crossref =	 {Маркс-Энгельс:Соч-2:1}
}

@inbook{Маркс:К-критике-фил.права:Введение,
  author =		 {Маркс, К},
  title =		 {К~критике гегелевской философии права. Введение},
  pages =		 {414--429},
  crossref =	 {Маркс-Энгельс:Соч-2:1}
}

@inbook{Маркс:Критические-заметки-к-статье-Пруссака,
  author =		 {Маркс, К},
  title =		 {Критические заметки к~статье \qq{Пруссака}},
  titleaddon =	 {\qq{Король прусский и социальная реформа}},
  pages =		 {430—-448},
  crossref =	 {Маркс-Энгельс:Соч-2:1}
}

@inbook{Энгельс:Успехи-на-континенте,
  author =		 {Энгельс, Ф},
  title =		 {Успехи движения за социальное преобразование на
                  континенте},
  pages =		 {525—-541},
  crossref =	 {Маркс-Энгельс:Соч-2:1}
}

@inbook{Энгельс:Наброски-к-критике-политической-экономии,
  author =		 {Энгельс, Ф},
  title =		 {Наброски к~критике политической экономии},
  pages =		 {544--571},
  crossref =	 {Маркс-Энгельс:Соч-2:1}
}

@book{Маркс-Энгельс:Соч-2:2,
  author =		 {Маркс, К and Энгельс, Ф},
  title =		 {К.\,Маркс и Ф.\,Энгельс. Сочинения},
  shortseries =	 {Соч. К.\,Маркса и Ф.\,Энгельса},
  edition =		 2,
  volume =		 2,
  address =		 {Москва},
  publisher =	 {Государственное издательство политической
                  литературы},
  year =		 {1955},
  language =	 {russian},
  keywords =	 {марксизм, классики марксизма}
}

@inbook{Маркс-Энгельс:Святое-семейство,
  author =		 {Маркс, К and Энгельс, Ф},
  title =		 {Святое семейство},
  titleaddon =	 {или Критика критической критики. Против Бруно Бауэра
                  и компании},
  pages =		 {3—-230},
  crossref =	 {Маркс-Энгельс:Соч-2:2}
}

@book{Маркс-Энгельс:Соч-2:3,
  author =		 {Маркс, К},
  title =		 {К.\,Маркс и Ф.\,Энгельс. Сочинения},
  shortseries =	 {Соч. К.\,Маркса и Ф.\,Энгельса},
  edition =		 2,
  volume =		 3,
  address =		 {Москва},
  publisher =	 {Государственное издательство политической
                  литературы},
  year =		 {1955},
  language =	 {russian},
  keywords =	 {марксизм, классики марксизма}
}

@inbook{Маркс:Тезисы-о-Фейербахе,
  author =		 {Маркс, К},
  title =		 {Тезисы о~Фейербахе},
  pages =		 {1--4},
  crossref =	 {Маркс-Энгельс:Соч-2:3}
}

@inbook{Маркс-Энгельс:Немецкая-идеология,
  author =		 {Маркс, К and Энгельс, Ф},
  title =		 {Немецкая идеология},
  titleaddon =	 {Критика новейшей немецкой философии в~лице ее
                  представителей Фейербаха, Б.\,Бауэра и Штирнера и
                  немецкого социализма в~лице его различных пророков},
  pages =		 {7—-544},
  crossref =	 {Маркс-Энгельс:Соч-2:3}
}

@book{Маркс-Энгельс:Соч-2:4,
  author =		 {Маркс, К},
  title =		 {К.\,Маркс и Ф.\,Энгельс. Сочинения},
  shortseries =	 {Соч. К.\,Маркса и Ф.\,Энгельса},
  edition =		 2,
  volume =		 4,
  address =		 {Москва},
  publisher =	 {Государственное издательство политической
                  литературы},
  year =		 {1955},
  language =	 {russian},
  keywords =	 {марксизм, классики марксизма}
}

@inbook{Маркс:Нищета-философии,
  author =		 {Маркс, К},
  title =		 {Нищета философии},
  titleaddon =	 {Ответ на \qq{Философию нищеты} г-на~Прудона},
  pages =		 {65--185},
  crossref =	 {Маркс-Энгельс:Соч-2:4}
}

@inbook{Маркс-Энгельс:Манифест,
  author =		 {Маркс, К and Энгельс, Ф},
  title =		 {Манифест Коммунистической партии},
  pages =		 {419—-459},
  crossref =	 {Маркс-Энгельс:Соч-2:4}
}

@book{Маркс-Энгельс:Соч-2:6,
  author =		 {Маркс, К},
  title =		 {К.\,Маркс и Ф.\,Энгельс. Сочинения},
  shortseries =	 {Соч. К.\,Маркса и Ф.\,Энгельса},
  edition =		 2,
  volume =		 6,
  address =		 {Москва},
  publisher =	 {Государственное издательство политической
                  литературы},
  year =		 {1955},
  language =	 {russian},
  keywords =	 {марксизм, классики марксизма}
}

@inbook{Маркс:Наемный-труд,
  author =		 {Маркс, К},
  title =		 {Наемный труд и капитал},
  pages =		 {428--459},
  crossref =	 {Маркс-Энгельс:Соч-2:6}
}

@book{Маркс-Энгельс:Соч-2:7,
  author =		 {Маркс, К},
  title =		 {К.\,Маркс и Ф.\,Энгельс. Сочинения},
  shortseries =	 {Соч. К.\,Маркса и Ф.\,Энгельса},
  edition =		 2,
  volume =		 7,
  address =		 {Москва},
  publisher =	 {Государственное издательство политической
                  литературы},
  year =		 {1956},
  language =	 {russian},
  keywords =	 {марксизм, классики марксизма}
}

@inbook{Маркс:Классовая-борьба-во-Франции,
  author =		 {Маркс, К},
  title =		 {Классовая борьба во~Франции},
  titleaddon =	 {с~1848 по~1850\,г.},
  pages =		 {5—-110},
  crossref =	 {Маркс-Энгельс:Соч-2:7}
}

@inbook{Маркс-Энгельс:Обращение-к-Союзу-коммунистов,
  author =		 {Маркс, К and Энгельс, Ф},
  title =		 {Обращение центрального комитета к~Союзу коммунистов!},
  titleaddon =	 {Март~1850\,г.},
  pages =		 {257--267},
  crossref =	 {Маркс-Энгельс:Соч-2:7}
}

@inbook{Маркс-Энгельс:3-й-международный-обзор,
  author =		 {Маркс, К and Энгельс, Ф},
  title =		 {Третий международный обзор},
  titleaddon =	 {с~мая по~октябрь},
  pages =		 {446—-490},
  crossref =	 {Маркс-Энгельс:Соч-2:7}
}

@book{Маркс-Энгельс:Соч-2:8,
  author =		 {Маркс, К},
  title =		 {К.\,Маркс и Ф.\,Энгельс. Сочинения},
  shortseries =	 {Соч. К.\,Маркса и Ф.\,Энгельса},
  edition =		 2,
  volume =		 8,
  address =		 {Москва},
  publisher =	 {Государственное издательство политической
                  литературы},
  year =		 {1957},
  language =	 {russian},
  keywords =	 {марксизм, классики марксизма}
}

@inbook{Маркс:18-брюмера,
  author =		 {Маркс, К},
  title =		 {18-е~брюмера Луи Бонапарта},
  pages =		 {115--217},
  crossref =	 {Маркс-Энгельс:Соч-2:8}
}

@book{Маркс-Энгельс:Соч-2:12,
  author =		 {Маркс, К},
  title =		 {К.\,Маркс и Ф.\,Энгельс. Сочинения},
  shortseries =	 {Соч. К.\,Маркса и Ф.\,Энгельса},
  edition =		 2,
  volume =		 12,
  address =		 {Москва},
  publisher =	 {Государственное издательство политической
                  литературы},
  year =		 {1958},
  language =	 {russian},
  keywords =	 {марксизм, классики марксизма}
}

@inbook{Маркс:Peoples-Paper,
  author =		 {Маркс, К},
  title =		 {Речь на юбилее \qq{The People's Paper}},
  titleaddon =	 {произнесённая в~Лондоне 14~апреля~1856\,г.},
  pages =		 {3-5},
  crossref =	 {Маркс-Энгельс:Соч-2:12}
}

@inbook{Маркс:Эк.рукописи:Введение,
  author =		 {Маркс, К},
  title =		 {Введение. (Из экономических рукописей 1857--1858~годов)},
  pages =		 {709--738},
  crossref =	 {Маркс-Энгельс:Соч-2:12}
}

@book{Маркс-Энгельс:Соч-2:13,
  author =		 {Маркс, К},
  title =		 {К.\,Маркс и Ф.\,Энгельс. Сочинения},
  shortseries =	 {Соч. К.\,Маркса и Ф.\,Энгельса},
  edition =		 2,
  volume =		 13,
  address =		 {Москва},
  publisher =	 {Государственное издательство политической
                  литературы},
  year =		 {1959},
  language =	 {russian},
  keywords =	 {марксизм, классики марксизма}
}

@inbook{Маркс:К-критике-политической-экономии,
  author =		 {Маркс, К},
  title =		 {К~критике политической экономии},
  pages =		 {1--167},
  crossref =	 {Маркс-Энгельс:Соч-2:13}
}

@inbook{Энгельс:Маркс.К-критике,
  author =		 {Энгельс, Ф},
  title =		 {Карл Маркс. \qq{К~критике политической экономии}},
  titleaddon =	 {Первый выпуск, Берлин, Франц Дункер, 1859},
  pages =		 {489--499},
  crossref =	 {Маркс-Энгельс:Соч-2:13}
}

@book{Маркс-Энгельс:Соч-2:16,
  author =		 {Маркс, К},
  title =		 {К.\,Маркс и Ф.\,Энгельс. Сочинения},
  shortseries =	 {Соч. К.\,Маркса и Ф.\,Энгельса},
  edition =		 2,
  volume =		 16,
  address =		 {Москва},
  publisher =	 {Государственное издательство политической
                  литературы},
  year =		 {1955},
  language =	 {russian},
  keywords =	 {марксизм, классики марксизма}
}

@inbook{Маркс:ЗП-цена-прибыль,
  author =		 {Маркс, К},
  title =		 {Заработная плата, цена и прибыль},
  pages =		 {101--155},
  crossref =	 {Маркс-Энгельс:Соч-2:16}
}

@book{Маркс-Энгельс:Соч-2:17,
  author =		 {Маркс, К},
  title =		 {К.\,Маркс и Ф.\,Энгельс. Сочинения},
  shortseries =	 {Соч. К.\,Маркса и Ф.\,Энгельса},
  edition =		 2,
  volume =		 17,
  address =		 {Москва},
  publisher =	 {Государственное издательство политической
                  литературы},
  year =		 {1960},
  language =	 {russian},
  keywords =	 {марксизм, классики марксизма}
}

@inbook{Маркс:Гражданская-война-во-Франции,
  author =		 {Маркс, К},
  title =		 {Гражданская война во~Франции},
  titleaddon =	 {Воззвание генерального Совета Международного
                  Товарищества Рабочих},
  pages =		 {317--370},
  crossref =	 {Маркс-Энгельс:Соч-2:19}
}

@book{Маркс-Энгельс:Соч-2:19,
  author =		 {Энгельс, Ф},
  title =		 {К.\,Маркс и Ф.\,Энгельс. Сочинения},
  shortseries =	 {Соч. К.\,Маркса и Ф.\,Энгельса},
  edition =		 2,
  volume =		 19,
  address =		 {Москва},
  publisher =	 {Государственное издательство политической
                  литературы},
  year =		 {1961},
  language =	 {russian},
  keywords =	 {марксизм, классики марксизма}
}

@inbook{Маркс:Критика-Готской-программы,
  author =		 {Маркс, К},
  title =		 {Критика Готской программы},
  pages =		 {9--32},
  crossref =	 {Маркс-Энгельс:Соч-2:19}
}
 
@inbook{Маркс:В-редакцию-Отечественных-записок,
  author =		 {Маркс, К},
  title =		 {Письмо в редакцию \qq{Отечественных записок}},
  pages =		 {116--121},
  crossref =	 {Маркс-Энгельс:Соч-2:19}
}

@inbook{Энгельс:Развитие-социализма,
  author =		 {Энгельс, Ф},
  title =		 {Развитие социализма от~утопии к~науке},
  pages =		 {185--230},
  crossref =	 {Маркс-Энгельс:Соч-2:19}
}

@inbook{Энгельс:Бруно-Бауэр-и-христианство,
  author =		 {Энгельс, Ф},
  title =		 {Бруно Бауэр и первоначальное христианство},
  pages =		 {306--314},
  crossref =	 {Маркс-Энгельс:Соч-2:19}
}

@book{Маркс-Энгельс:Соч-2:20,
  author =		 {Энгельс, Ф},
  title =		 {К.\,Маркс и Ф.\,Энгельс. Сочинения},
  shortseries =	 {Соч. К.\,Маркса и Ф.\,Энгельса},
  edition =		 2,
  volume =		 20,
  address =		 {Москва},
  publisher =	 {Государственное издательство политической
                  литературы},
  year =		 {1961},
  language =	 {russian},
  keywords =	 {марксизм, классики марксизма}
}

@inbook{Энгельс:Анти-Дюринг,
  author =		 {Энгельс, Ф},
  title =		 {Анти-Дюринг},
  titleaddon =	 {Переворот в~науке произведенный Евгением Дюрингом},
  pages =		 {1--338},
  crossref =	 {Маркс-Энгельс:Соч-2:20}
}

@inbook{Энгельс:Анти-Дюринг:подготовительные,
  author =		 {Энгельс, Ф},
  title =		 {Из подготовительных работ к \qq{Анти-Дюрингу}},
  pages =		 {629--654},
  crossref =	 {Маркс-Энгельс:Соч-2:20}
}

@inbook{Энгельс:Диалектика-природы,
  author =		 {Энгельс, Ф},
  title =		 {Диалектика природы},
  pages =		 {339--626},
  crossref =	 {Маркс-Энгельс:Соч-2:20}
}

@book{Маркс-Энгельс:Соч-2:21,
  author =		 {Энгельс, Ф},
  title =		 {К.\,Маркс и Ф.\,Энгельс. Сочинения},
  shortseries =	 {Соч. К.\,Маркса и Ф.\,Энгельса},
  edition =		 2,
  volume =		 21,
  address =		 {Москва},
  publisher =	 {Государственное издательство политической
                  литературы},
  year =		 {1955},
  language =	 {russian},
  keywords =	 {марксизм, классики марксизма}
}

@inbook{Энгельс:Происхождение-семьи,
  author =		 {Энгельс, Ф},
  title =		 {Происхождение семьи, частной собственности и
                  государства},
  pages =		 {23--178},
  crossref =	 {Маркс-Энгельс:Соч-2:21}
}

@inbook{Энгельс:Фейербах,
  author =		 {Энгельс, Ф},
  title =		 {Людвиг Фейербах и конец классической немецкой
                  философии},
  pages =		 {269--317},
  crossref =	 {Маркс-Энгельс:Соч-2:21}
}

@book{Маркс-Энгельс:Соч-2:22,
  author =		 {Маркс, К},
  title =		 {К.\,Маркс и Ф.\,Энгельс. Сочинения},
  shortseries =	 {Соч. К.\,Маркса и Ф.\,Энгельса},
  edition =		 2,
  volume =		 22,
  address =		 {Москва},
  publisher =	 {Государственное издательство политической
                  литературы},
  year =		 {1962},
  language =	 {russian},
  keywords =	 {марксизм, классики марксизма}
}

@inbook{Энгельс:Введение-к-Гражданской-войне-во-Франции,
  author =		 {Энгельс, Ф},
  title =		 {Введение к~работе К.\,Маркса \qq{Гражданская война
                  во~Франции}},
  pages =		 {189--201},
  crossref =	 {Маркс-Энгельс:Соч-2:22}
}

@inbook{Энгельс:Введение-к-англ-Развитие-социализма,
  author =		 {Энгельс, Ф},
  title =		 {Введение к~английскому изданию \qq{Развития
                  социализма от~утопии к~науке}},
  pages =		 {294--320},
  crossref =	 {Маркс-Энгельс:Соч-2:22}
}

@inbook{Энгельс:Введение-к-Классовой-борьбе-во-Франции,
  author =		 {Энгельс, Ф},
  title =		 {Введение к~работе К.\,Маркса \qq{Классовая борьба
                  во~Франции с~1848 по~1850\,г.}},
  pages =		 {529--548},
  crossref =	 {Маркс-Энгельс:Соч-2:22}
}

@book{Маркс-Энгельс:Соч-2:23,
  author =		 {Маркс, К},
  title =		 {К.\,Маркс и Ф.\,Энгельс. Сочинения},
  shortseries =	 {Соч. К.\,Маркса и Ф.\,Энгельса},
  edition =		 2,
  volume =		 23,
  address =		 {Москва},
  publisher =	 {Государственное издательство политической
                  литературы},
  year =		 {1960},
  language =	 {russian},
  keywords =	 {марксизм, классики марксизма}
}

@inbook{Маркс:Капитал-I,
  author =		 {Маркс, К},
  title =		 {Капитал. Критика политической экономии. Т.\,I},
  titleaddon =	 {Книга~I: Процесс производства капитала},
  pages =		 {1--784},
  crossref =	 {Маркс-Энгельс:Соч-2:23}
}

@inbook{Маркс:Капитал-I:Пред.,
  author =		 {Маркс, К},
  title =		 {Капитал. Критика политической
                  экономии. Т.\,I. Предисловие к~первому изданию},
  pages =		 {5--11},
  crossref =	 {Маркс-Энгельс:Соч-2:23}
}

@inbook{Маркс:Капитал-I:Послесловие,
  author =		 {Маркс, К},
  title =		 {Капитал. Критика политической
                  экономии. Т.\,I. Послесловие ко~второму изданию},
  pages =		 {12--22},
  crossref =	 {Маркс-Энгельс:Соч-2:23}
}

@book{Маркс-Энгельс:Соч-2:24,
  author =		 {Маркс, К},
  title =		 {К.\,Маркс и Ф.\,Энгельс. Сочинения},
  shortseries =	 {Соч. К.\,Маркса и Ф.\,Энгельса},
  edition =		 2,
  volume =		 24,
  address =		 {Москва},
  publisher =	 {Государственное издательство политической
                  литературы},
  year =		 {1961},
  language =	 {russian},
  keywords =	 {марксизм, классики марксизма}
}

@inbook{Маркс:Капитал-II,
  author =		 {Маркс, К},
  title =		 {Капитал. Критика политической экономии. Т.\,II},
  titleaddon =	 {Книга~II: Процесс обращения капитала},
  pages =		 {1--596},
  crossref =	 {Маркс-Энгельс:Соч-2:24}
}

@book{Маркс-Энгельс:Соч-2:25-I,
  author =		 {Маркс, К},
  title =		 {К.\,Маркс и Ф.\,Энгельс. Сочинения},
  shortseries =	 {Соч. К.\,Маркса и Ф.\,Энгельса},
  edition =		 2,
  volume =		 {25},
  part =		 {I},
  address =		 {Москва},
  publisher =	 {Государственное издательство политической
                  литературы},
  year =		 {1961},
  language =	 {russian},
  keywords =	 {марксизм, классики марксизма}
}

@inbook{Маркс:Капитал-III-I,
  author =		 {Маркс, К},
  title =		 {Капитал. Критика политической экономии. Т.\,III,
                  кн.\,I},
  titleaddon =	 {Главы~I--XXVIII: Процесс капиталистического
                  производства, взятый в~целом},
  pages =		 {1--505},
  crossref =	 {Маркс-Энгельс:Соч-2:25-I}
}

@book{Маркс-Энгельс:Соч-2:25-II,
  author =		 {Маркс, К},
  title =		 {К.\,Маркс и Ф.\,Энгельс. Сочинения},
  shortseries =	 {Соч. К.\,Маркса и Ф.\,Энгельса},
  edition =		 2,
  volume =		 {25},
  part =		 {II},
  address =		 {Москва},
  publisher =	 {Государственное издательство политической
                  литературы},
  year =		 {1962},
  language =	 {russian},
  keywords =	 {марксизм, классики марксизма}
}

@inbook{Маркс:Капитал-III-II,
  author =		 {Маркс, К},
  title =		 {Капитал. Критика политической экономии. Т.\,III,
                  кн.\,II},
  titleaddon =	 {Главы~XXIX--LII: Процесс капиталистического
                  производства, взятый в~целом},
  pages =		 {1--458},
  crossref =	 {Маркс-Энгельс:Соч-2:25-II}
}

@book{Маркс-Энгельс:Соч-2:26-I,
  author =		 {Маркс, К},
  title =		 {К.\,Маркс и Ф.\,Энгельс. Сочинения},
  shortseries =	 {Соч. К.\,Маркса и Ф.\,Энгельса},
  edition =		 2,
  volume =		 {26},
  part =		 {I},
  address =		 {Москва},
  publisher =	 {Государственное издательство политической
                  литературы},
  year =		 {1962},
  language =	 {russian},
  keywords =	 {марксизм, классики марксизма}
}

@inbook{Маркс:Теории-ПС-I,
  author =		 {Маркс, К},
  title =		 {Теории прибавочной стоимости. Кн.\,I},
  titleaddon =	 {IV~том \qq{Капитала}, гл.\,I--VII},
  pages =		 {1--426},
  crossref =	 {Маркс-Энгельс:Соч-2:26-I}
}

@book{Маркс-Энгельс:Соч-2:26-II,
  author =		 {Маркс, К},
  title =		 {К.\,Маркс и Ф.\,Энгельс. Сочинения},
  shortseries =	 {Соч. К.\,Маркса и Ф.\,Энгельса},
  edition =		 2,
  volume =		 {26},
  part =		 {II},
  address =		 {Москва},
  publisher =	 {Государственное издательство политической
                  литературы},
  year =		 {1963},
  language =	 {russian},
  keywords =	 {марксизм, классики марксизма}
}

@inbook{Маркс:Теории-ПС-II,
  author =		 {Маркс, К},
  title =		 {Теории прибавочной стоимости. Кн.\,II},
  titleaddon =	 {IV~том \qq{Капитала}, гл.\,VIII--XVIII},
  pages =		 {1--658},
  crossref =	 {Маркс-Энгельс:Соч-2:26-II}
}

@book{Маркс-Энгельс:Соч-2:26-III,
  author =		 {Маркс, К},
  title =		 {К.\,Маркс и Ф.\,Энгельс. Сочинения},
  shortseries =	 {Соч. К.\,Маркса и Ф.\,Энгельса},
  edition =		 2,
  volume =		 {26},
  part =		 {III},
  address =		 {Москва},
  publisher =	 {Издательство политической литературы},
  year =		 {1964},
  language =	 {russian},
  keywords =	 {марксизм, классики марксизма}
}

@inbook{Маркс:Теории-ПС-III,
  author =		 {Маркс, К},
  title =		 {Теории прибавочной стоимости. Кн.\,III},
  titleaddon =	 {IV~том \qq{Капитала}, гл.\,XIX--XXIV},
  pages =		 {1--468},
  crossref =	 {Маркс-Энгельс:Соч-2:26-III}
}

@book{Маркс-Энгельс:Соч-2:27,
  author =		 {Маркс, К},
  title =		 {К.\,Маркс и Ф.\,Энгельс. Сочинения},
  shortseries =	 {Соч. К.\,Маркса и Ф.\,Энгельса},
  edition =		 2,
  volume =		 27,
  address =		 {Москва},
  publisher =	 {Государственное издательство политической
                  литературы},
  year =		 {1962},
  language =	 {russian},
  keywords =	 {марксизм, классики марксизма}
}

@inbook{Маркс:Руге-13.04.1843,
  author =		 {Маркс, К},
  title =		 {Арнольду Руге, 13~марта~1843\,г.},
  pages =		 {373--375},
  crossref =	 {Маркс-Энгельс:Соч-2:27}
}

@inbook{Маркс:Анненкову-28.12.1846,
  author =		 {Маркс, К},
  title =		 {Письмо П.В. Анненкову, 28~декабря 1846\,г.},
  pages =		 {401--412},
  crossref =	 {Маркс-Энгельс:Соч-2:27}
}

@book{Маркс-Энгельс:Соч-2:28,
  author =		 {Маркс, К},
  title =		 {К.\,Маркс и Ф.\,Энгельс. Сочинения},
  shortseries =	 {Соч. К.\,Маркса и Ф.\,Энгельса},
  edition =		 2,
  volume =		 28,
  address =		 {Москва},
  publisher =	 {Государственное издательство политической
                  литературы},
  year =		 {1962},
  language =	 {russian},
  keywords =	 {марксизм, классики марксизма}
}

@inbook{Маркс:Вейдемейеру-05.03.1852,
  author =		 {Маркс, К},
  title =		 {Письмо Иосифу Вейдемейеру в~Нью-Йорк, 5~марта 1852\,г.},
  pages =		 {422--428},
  crossref =	 {Маркс-Энгельс:Соч-2:28}
}

@book{Маркс-Энгельс:Соч-2:29,
  author =		 {Маркс, К},
  title =		 {К.\,Маркс и Ф.\,Энгельс. Сочинения},
  shortseries =	 {Соч. К.\,Маркса и Ф.\,Энгельса},
  edition =		 2,
  volume =		 29,
  address =		 {Москва},
  publisher =	 {Государственное издательство политической
                  литературы},
  year =		 {1962},
  language =	 {russian},
  keywords =	 {марксизм, классики марксизма}
}

@inbook{Маркс:Энгельсу-14.01.1858,
  author =		 {Маркс, К},
  title =		 {Энгельсу в~Манчестер, 14~января 1858\,г.},
  pages =		 {211--213},
  crossref =	 {Маркс-Энгельс:Соч-2:29}
}

@book{Маркс-Энгельс:Соч-2:31,
  author =		 {Маркс, К},
  title =		 {К.\,Маркс и Ф.\,Энгельс. Сочинения},
  shortseries =	 {Соч. К.\,Маркса и Ф.\,Энгельса},
  edition =		 2,
  volume =		 31,
  address =		 {Москва},
  publisher =	 {Издательство политической литературы},
  year =		 {1963},
  language =	 {russian},
  keywords =	 {марксизм, классики марксизма}
}

@inbook{Маркс:Энгельсу-7.07.1866,
  author =		 {Маркс, К},
  title =		 {Энгельсу в~Манчестер, 7~июля 1866\,г.},
  pages =		 {277--278},
  crossref =	 {Маркс-Энгельс:Соч-2:31}
}

@inbook{Маркс:Энгельсу-24.08.1867,
  author =		 {Маркс, К},
  title =		 {Энгельсу в~Манчестер, 24~августа 1867\,г.},
  pages =		 {277--278},
  crossref =	 {Маркс-Энгельс:Соч-2:31}
}

@book{Маркс-Энгельс:Соч-2:32,
  author =		 {Маркс, К},
  title =		 {К.\,Маркс и Ф.\,Энгельс. Сочинения},
  shortseries =	 {Соч. К.\,Маркса и Ф.\,Энгельса},
  edition =		 2,
  volume =		 32,
  address =		 {Москва},
  publisher =	 {Издательство политической литературы},
  year =		 {1964},
  language =	 {russian},
  keywords =	 {марксизм, классики марксизма}
}

@inbook{Маркс:Кугельману-11.07.1868,
  author =		 {Маркс, К},
  title =		 {Людвигу Кугельману в~Ганновер, 11~июля 1868\,г.},
  pages =		 {460--462},
  crossref =	 {Маркс-Энгельс:Соч-2:32}
}

@book{Маркс-Энгельс:Соч-2:33,
  author =		 {Маркс, К},
  title =		 {К.\,Маркс и Ф.\,Энгельс. Сочинения},
  shortseries =	 {Соч. К.\,Маркса и Ф.\,Энгельса},
  edition =		 2,
  volume =		 33,
  address =		 {Москва},
  publisher =	 {Издательство политической литературы},
  year =		 {1964},
  language =	 {russian},
  keywords =	 {марксизм, классики марксизма}
}

@inbook{Маркс:Кугельману-17.04.1871,
  author =		 {Маркс, К},
  title =		 {Людвигу Кугельману в~Ганновер, 17~апреля 1871\,г.},
  pages =		 {175},
  crossref =	 {Маркс-Энгельс:Соч-2:33}
}

@book{Маркс-Энгельс:Соч-2:35,
  author =		 {Энгельс, Ф},
  title =		 {К.\,Маркс и Ф.\,Энгельс. Сочинения},
  shortseries =	 {Соч. К.\,Маркса и Ф.\,Энгельса},
  edition =		 2,
  volume =		 35,
  address =		 {Москва},
  publisher =	 {Издательство политической литературы},
  year =		 {1964},
  language =	 {russian},
  keywords =	 {марксизм, классики марксизма}
}

@inbook{Энгельс:Бернштейну-20.10.1882,
  author =		 {Энгельс, Ф},
  title =		 {Эдуарду Бернштейну в~Цюрих, 20~октября 1882\,г.},
  pages =		 {310--313},
  crossref =	 {Маркс-Энгельс:Соч-2:35}
}

@book{Маркс-Энгельс:Соч-2:37,
  author =		 {Энгельс, Ф},
  title =		 {К.\,Маркс и Ф.\,Энгельс. Сочинения},
  shortseries =	 {Соч. К.\,Маркса и Ф.\,Энгельса},
  edition =		 2,
  volume =		 37,
  address =		 {Москва},
  publisher =	 {Издательство политической литературы},
  year =		 {1965},
  language =	 {russian},
  keywords =	 {марксизм, классики марксизма}
}

@inbook{Энгельс:Блоху-21.09.1890,
  author =		 {Энгельс, Ф},
  title =		 {Йозефу Блоху в~Кёнигсберг, 21~(22)~сентября
                  1890\,г.},
  pages =		 {393--397},
  crossref =	 {Маркс-Энгельс:Соч-2:37}
}

@inbook{Энгельс:Конраду-Шмидту-27.10.1890,
  author =		 {Энгельс, Ф},
  title =		 {Конраду Шмидту в~Берлин, 27~октября 1890\,г.},
  pages =		 {414--422},
  crossref =	 {Маркс-Энгельс:Соч-2:37}
}

@book{Маркс-Энгельс:Соч-2:39,
  author =		 {Энгельс, Ф},
  title =		 {К.\,Маркс и Ф.\,Энгельс. Сочинения},
  shortseries =	 {Соч. К.\,Маркса и Ф.\,Энгельса},
  edition =		 2,
  volume =		 39,
  address =		 {Москва},
  publisher =	 {Издательство политической литературы},
  year =		 {1966},
  language =	 {russian},
  keywords =	 {марксизм, классики марксизма}
}

@inbook{Энгельс:Мерингу-14.07.1893,
  author =		 {Энгельс, Ф},
  title =		 {Францу Мерингу в~Берилин, 14~июля 1893\,г.},
  pages =		 {82--86},
  crossref =	 {Маркс-Энгельс:Соч-2:39}
}

@inbook{Энгельс:Боргиусу-25.01.1894,
  author =		 {Энгельс, Ф},
  title =		 {Вальтеру Боргиусу в~Бреславль, 25~января 1894\,г.},
  pages =		 {174--177},
  crossref =	 {Маркс-Энгельс:Соч-2:39}
}

@inbook{Энгельс:Лафаргу-3.04.1895,
  author =		 {Энгельс, Ф},
  title =		 {Полю Лафаргу в~Ле-Перрё, 3~апреля 1895\,г.},
  pages =		 {374--379},
  crossref =	 {Маркс-Энгельс:Соч-2:39}
}

@book{Маркс-Энгельс:Соч-2:49,
  author =		 {Маркс, К},
  title =		 {К.\,Маркс и Ф.\,Энгельс. Сочинения},
  shortseries =	 {Соч. К.\,Маркса и Ф.\,Энгельса},
  edition =		 2,
  volume =		 49,
  address =		 {Москва},
  publisher =	 {Издательство политической литературы},
  year =		 {1974},
  language =	 {russian},
  keywords =	 {марксизм, классики марксизма}
}

@inbook{Маркс:Капитал-I:черновик,
  author =		 {Маркс, К},
  title =		 {Черновые рукописи I~тома \qq{Капитала}},
  pages =		 {3--136},
  crossref =	 {Маркс-Энгельс:Соч-2:49}
}

% Из ранних произведений

@book{Маркс:Из-ранних-произведений,
  author =		 {Маркс, К},
  title =		 {К.\,Маркс и Ф.\,Энгельс. Из ранних произведений},
  address =		 {Москва},
  publisher =	 {Государственное издательство политической
                  литературы},
  year =		 {1956},
  language =	 {russian},
  keywords =	 {марксизм, классики марксизма}
}

@inbook{Маркс:Экономическо-философские,
  author =		 {Маркс, К},
  title =		 {Экономическо\hyp философские рукописи 1844~года},
  pages =		 {517—-642},
  crossref =	 {Маркс:Из-ранних-произведений}
}

% Первое издание:
%
% Т. 1 (1928-29), 2, 3, 5-7, 8 (1930), 21-22 (1929), 23 (1930),
% вышли под ред. Д. Рязанова; т. 8 (1931), 13, ч. 2, 14, 19, ч. 2,
% 21 (1932), 22 (1931), 23 (1932), 24, 28, 29 --- без указания
% редактора. Остальные тома вышли под ред. В.В. Адоратского.
% Т. 4 (1937, 1938), 12 (1935), 13, 15 (1935 - 15 тыс.), 16 ч. 1-2,
% 17, 18 (1939), 19 ч. 1, 25 (1936) - напеч. в Москве; остальные тома
% напеч. в Ленинграде.
%
% <http://primo.nlr.ru/primo_library/libweb/action/display.do;jsessionid=662C282795E096CB014D8FAFC83BC386?ct=display&fn=search&doc=07NLR_LMS006995917&indx=3&recIds=07NLR_LMS006995917&recIdxs=2&elementId=0&renderMode=poppedOut&displayMode=full&dscnt=0&fctN=facet_creator&rfnGrp=2&frbrVersion=&scp.scps=scope%3A%2807NLR%29&fctV=%D0%9C%D0%B0%D1%80%D0%BA%D1%81%2C+%D0%9A+%281818-1883%29&tab=default_tab&dstmp=1419778473736&srt=rank&gathStatTab=true&mode=Basic&rfnGrpCounter=2&vl(freeText0)=%D0%9C%D0%B0%D1%80%D0%BA%D1%81%20%D0%9A.%20%D0%A1%D0%BE%D1%87%D0%B8%D0%BD%D0%B5%D0%BD%D0%B8%D1%8F&vid=07NLR_VU1&frbg=&dum=true&tabs=detailsTab&gathStatTab=true>

@book{Маркс-Энгельс:Соч-1:3,
  author =		 {Маркс, К and Энгельс, Ф},
  title =		 {К.\,Маркс и Ф.\,Энгельс. Сочинения},
  shortseries =	 {Соч. К.\,Маркса и Ф.\,Энгельса},
  edition =		 1,
  volume =		 3,
  address =		 {Москва and Ленинград},
  publisher =	 {Государственное издательство политической
                  литературы},
  year =		 {1930},
  language =	 {russian},
  keywords =	 {марксизм, классики марксизма}
}

@inbook{Маркс-Энгельс:Святое-семейство:подг.мат.,
  author =		 {Маркс, К and Энгельс, Ф},
  title =		 {Подготовительные работы для \qq{Святого семейства}},
  pages =		 {613--670},
  crossref =	 {Маркс-Энгельс:Соч-1:3}
}

@book{Маркс-Энгельс:Архив:I,
  author =		 {Маркс, К and Энгельс, Ф},
  title =		 {Архив К.\,Маркса и Ф.\,Энгельса},
  volume =		 {I},
  editor =		 {Рязанов, Д},
  publisher =	 {Государственное издательство},
  address =		 {Москва},
  year =		 {1924},
}

@book{Маркс-Энгельс:Архив:II,
  author =		 {Маркс, К and Энгельс, Ф},
  title =		 {Архив К.\,Маркса и Ф.\,Энгельса},
  volume =		 {II},
  editor =		 {Рязанов, Д},
  publisher =	 {Государственное издательство},
  address =		 {Москва and Ленинград},
  year =		 {1925},
}
