% Это произведение доступно по лицензии Creative Commons
% «Attribution-ShareAlike» («Атрибуция — На тех же условиях») 4.0
% Всемирная. Чтобы увидеть копию этой лицензии, посетите
% http://creativecommons.org/licenses/by-sa/4.0/.

@book{Каганович:истории-партии,
  author = {Каганович, Л. М},
  title = {За большевистское изучение истории партии},
  publisher = {Партиздат},
  year = {1932},
  language = {russian},
  keywords = {марксизм-ленинизм}
}

@article{Правда:26.01.1931:Резолюция-ИКП,
  title =		 {Из резолюции партийной ячейки ИКП Ф. и Е.},
  journal =		 {Правда},
  date =		 {1931-01-26},
  language =	 {russian},
  keywords =	 {марксизм-ленинизм}
}

@book{Штирнер:Единственный,
  author =		 {Штирнер, М},
  title =		 {Единственный и его собственность},
  publisher =	 {Светоч},
  year =		 {1907--1909},
  translator =	 {Венгерова, С. А},
  language =	 {russian},
  keywords =	 {идеализм, младогегельянство}
}

@book{Павлов:Избранные,
  author =		 {Павлов, И. П},
  title =		 {Избранные труды},
  editor =		 {Асратян, Э. А},
  publisher =	 {Издательство Академии педагогических наук РСФСР},
  address =		 {Москва},
  year =		 {1951}
}

@inbook{Асратян:О-ДМ-характере-учения-Павлова,
  author =		 {Асратян, Э. А},
  title =		 {О~диалектико\hyp материалистическом характере учения
                  И.\,П.\,Павлова},
  pages =		 {588--613},
  crossref =	 {Павлов:Избранные},
  booktitle =	 {И.\,П.\,Павлов. Избранные труды}
}

@book{РП:ТЗ-1936,
  title =		 {Процесс троцкистско\hyp зиновьевского
                  террористического центра},
  titleaddon =	 {19--24~августа~1936\,г.},
  editor =		 {МЛРД~\qq{Рабочий путь}},
  publisher =	 {Арт-Экспресс},
  address =		 {Санкт-Петербург},
  year =		 {2018},
  isbn =		 {9785439103508}
}

@book{Кржижановский:Основы-технико-экономического-плана,
  author =		 {Кржижановский, Г. М},
  title =		 {Основы технико-экономического плана реконструкции
                  СССР},
  address =		 {Москва and Ленинград},
  publisher =	 {СОЦЭКГИЗ},
  year =		 {1931},
  pages =		 {28},
  language =	 {russian}
}

@book{Жданов:Выступление-на-дискуссии-Александрова,
  author =		 {Жданов, А. А},
  title =		 {Выступление на дискуссии по книге
                  Г.\,Ф.\,Александрова \qq{История западноевропейской
                  философии} 24~июня~1947\,г.},
  publisher =	 {Госполитиздат},
  year =		 {1952}
}