% Это произведение доступно по лицензии Creative Commons
% «Attribution-ShareAlike» («Атрибуция — На тех же условиях») 4.0
% Всемирная. Чтобы увидеть копию этой лицензии, посетите
% http://creativecommons.org/licenses/by-sa/4.0/.

@book{Гегель:Энциклопедия-ФН:I,
  author =		 {Гегель},
  title =		 {Энциклопедия философских наук},
  titleaddon =	 {Философское наследие. Т.~63},
  shortseries =	 {Энциклопедия},
  volume =		 {I},
  address =		 {Москва},
  publisher =	 {Мысль},
  year =		 {1974},
  editor =		 {Ситковский, Е. П},
  language =	 {russian},
  keywords =	 {классическая немецкая философия, объективный
                  идеализм, идеализм}
}

@inbook{Гегель:Энциклопедия:Наука-логики,
  author =		 {Гегель},
  title =		 {Наука логики},
  crossref =	 {Гегель:Энциклопедия-ФН:I}
}

@book{Гегель:Соч:V,
  author =		 {Гегель},
  title =		 {Сочинения},
  shortseries =	 {Соч.},
  volume =		 {V},
  address =		 {Москва},
  publisher =	 {СОЦЭКГИЗ},
  year =		 {1937},
  translator =	 {Столпнер, Б. Г},
  editor =		 {Митин, М. Б},
  language =	 {russian},
  keywords =	 {классическая немецкая философия, объективный
                  идеализм, идеализм}
}

@inbook{Гегель:Наука-логики:О-бытии,
  author =		 {Гегель},
  title =		 {Наука логики. Учение о~бытии},
  pages =		 {47--452},
  crossref =	 {Гегель:Соч:V}
}

@inbook{Гегель:Наука-логики:О-сущности,
  author =		 {Гегель},
  title =		 {Наука логики. Учение о~сущности},
  pages =		 {453--694},
  crossref =	 {Гегель:Соч:V}
}

@book{Гегель:Соч:VI,
  author =		 {Гегель},
  title =		 {Сочинения},
  shortseries =	 {Соч.},
  volume =		 {VI},
  address =		 {Москва},
  publisher =	 {СОЦЭКГИЗ},
  year =		 {1939},
  translator =	 {Столпнер, Б. Г},
  editor =		 {Митин, М. Б},
  language =	 {russian},
  keywords =	 {классическая немецкая философия, объективный
                  идеализм, идеализм}
}

@inbook{Гегель:Наука-логики:О-понятии,
  author =		 {Гегель},
  title =		 {Наука логики. Субъективная логика или учение
                  о~понятии},
  crossref =	 {Гегель:Соч:VI}
}

@book{Гегель:Работы-разных-лет:2,
  author =		 {Гегель},
  title =		 {Работы разных лет в~двух томах},
  titleaddon =	 {Философское наследие. Т.~40},
  shortseries =	 {Работы разных лет в~2-х~тт.},
  volume =		 {2},
  address =		 {Москва},
  publisher =	 {Мысль},
  year =		 {1971},
  translator =	 {Драгун, Б. А},
  editor =		 {Гулыга, А. В},
  language =	 {russian},
  keywords =	 {классическая немецкая философия, объективный
                  идеализм, идеализм}
}

@inbook{Гегель:Философская-пропедевтика,
  author =		 {Гегель},
  title =		 {Философская пропедевтика},
  pages =		 {7--209},
  crossref =	 {Гегель:Работы-разных-лет:2}
}

@book{Гегель:Соч:IV,
  author =		 {Гегель},
  title =		 {Сочинения},
  shortseries =	 {Соч.},
  volume =		 {IV},
  address =		 {Москва},
  publisher =	 {АН СССР. Институт философии},
  year =		 {1959},
  translator =	 {Шпет, Г},
  editor =		 {Иткин, М},
  language =	 {russian},
  keywords =	 {классическая немецкая философия, объективный
                  идеализм, идеализм}
}

@inbook{Гегель:Феноменология-духа,
  author =		 {Гегель},
  title =		 {Феноменология духа},
  crossref =	 {Гегель:Соч:IV}
}

@book{Фейербах:Избранные:I,
  author =		 {Фейербах, Л},
  title =		 {Избранные философские произведения},
  titleaddon =	 {Издание в~двух томах},
  shortseries =	 {Избранные философские произведения в~2-х~тт.},
  volume =		 {I},
  address =		 {Москва},
  publisher =	 {Госполитиздат},
  year =		 {1955},
  editor =		 {Григорьян, М. М},
  language =	 {russian},
  keywords =	 {классическая немецкая философия, созерцательный
                  материализм}
}

@inbook{Фейербах:Предварительные-тезисы,
  author =		 {Фейербах, Л},
  title =		 {Предварительные тезисы к~реформе философии},
  crossref =	 {Фейербах:Избранные:I}
}

@book{Фейербах:Избранные:II,
  author =		 {Фейербах, Л},
  title =		 {Избранные философские произведения},
  titleaddon =	 {Издание в~двух томах},
  shortseries =	 {Избранные философские произведения в~2-х~тт.},
  volume =		 {II},
  address =		 {Москва},
  publisher =	 {Госполитиздат},
  year =		 {1955},
  editor =		 {Григорьян, М. М},
  language =	 {russian},
  keywords =	 {классическая немецкая философия, созерцательный
                  материализм, атеизм}
}

@inbook{Фейербах:Лекции-о-сущности-религии,
  author =		 {Фейербах, Л},
  title =		 {Лекции о~сущности религии},
  crossref =	 {Фейербах:Избранные:II}
}

@book{Беркли:Соч,
  author =		 {Беркли, Дж},
  title =		 {Сочинения},
  titleaddon =	 {Философское наследие. Т.~78},
  shortseries =	 {Соч.},
  address =		 {Москва},
  publisher =	 {Мысль},
  year =		 {1978},
  translator =	 {Дебольская, Е. Ф},
  editor =		 {Нарский, И. С},
  language =	 {russian},
  keywords =	 {классическая английская философия, субъективный
                  идеализм, идеализм}
}

@inbook{Беркли:О-принципах-человеческого-знания,
  author =		 {Беркли, Дж},
  title =		 {Трактат о~принципах человеческого знания},
  titleaddon =	 {в~котором исследованы главные причины заблуждений и
                  затруднений в~науках, а также основания скептицизма,
                  атеизма и безверия},
  pages =		 {149--247},
  crossref =	 {Беркли:Соч}
}

@book{Дидро:ИА,
  author =		 {Дидро, Д},
  title =		 {Избранные атеистические произведения},
  address =		 {Москва},
  publisher =	 {АН СССР. Институт истории},
  year =		 {1956},
  editor =		 {Момджян, X. Н},
  translator =	 {Сережников, Б. К},
  language =	 {russian},
  keywords =	 {классическая французская философия, механистический
                  материализм, материализм XVIII~века, атеизм}
}

@inbook{Дидро:ИА:Разговор-Даламбера,
  author =		 {Дидро, Д},
  title =		 {Разговор Даламбера и Дидро},
  pages =		 {108--121},
  crossref =	 {Дидро:ИА}
}

@book{Кант:Соч:3,
  author =		 {Кант},
  title =		 {Сочинения в~шести томах},
  titleaddon =	 {Философское наследие. Т.~6},
  shortseries =	 {Соч. в~6-ти~тт.},
  volume =		 {3},
  address =		 {Москва},
  publisher =	 {Мысль},
  year =		 {1964},
  editor =		 {Ойзерман, Т. И},
  translator =	 {Лосский, Н},
  language =	 {russian},
  keywords =	 {классическая немецкая философия, критический
                  идеализм, агностицизм}
}

@inbook{Кант:Критика-чистого-разума,
  author =		 {Кант},
  title =		 {Критика чистого разума},
  crossref =	 {Кант:Соч:3}
}

@book{Кант:Соч:4-I,
  author =		 {Кант},
  title =		 {Сочинения в~шести томах},
  titleaddon =	 {Философское наследие. Т.~14},
  shortseries =	 {Соч. в~6-ти~тт.},
  volume =		 {4},
  part =		 {I},
  address =		 {Москва},
  publisher =	 {Мысль},
  year =		 {1965},
  editor =		 {Асмус, В. Ф},
  translator =	 {Соловьев, Вл},
  language =	 {russian},
  keywords =	 {классическая немецкая философия, критический
                  идеализм, агностицизм}
}

@inbook{Кант:Пролегомены-к-метафизике,
  author =		 {Кант},
  title =		 {Пролегомены ко~всякой будущей метафизике, могущей
                  появиться как наука},
  pages =		 {67--310},
  crossref =	 {Кант:Соч:4-I}
}

@book{Гольбах:Система-природы,
  author =		 {Гольбах, П. А},
  title =		 {Cистема природы},
  titleaddon =	 {Или о~законах мира физического и мира духовного},
  booktitle =	 {Поль Анри Гольбах. Избранные произведения в~двух
                  томах},
  booktitleaddon = {Философское наследие. Т.~2},
  shortseries =	 {Избранные произведения в~2-х~тт.},
  volume =		 {1},
  address =		 {Москва},
  publisher =	 {АН СССР. Институт философии},
  year =		 {1963},
  editor =		 {Момджян, X. Н},
  translator =	 {Юшкевич, Я. С},
  language =	 {russian},
  keywords =	 {классическая французская философия, механистический
                  материализм, материализм XVIII~века, атеизм}
}
