% Это произведение доступно по лицензии Creative Commons
% «Attribution-ShareAlike» («Атрибуция — На тех же условиях») 4.0
% Всемирная. Чтобы увидеть копию этой лицензии, посетите
% http://creativecommons.org/licenses/by-sa/4.0/.

@book{Плеханов:Избранное:I,
  author =		 {Плеханов, Г. В},
  title =		 {Г.\,В.\,Плеханов. Избранные философские произведения
                  в~пяти томах},
  shortseries =	 {Избранные философские произведения в~5-ти~тт.},
  volume =		 {I},
  address =		 {Москва},
  publisher =	 {Госполитиздат},
  year =		 {1956},
  language =	 {russian},
  keywords =	 {меньшевизм, ревизионизм}
}

@inbook{Плеханов:К-60-годовщине-смерти-Гегеля,
  author =		 {Плеханов, Г. В},
  title =		 {К шестидесятой годовщине смерти Гегеля},
  pages =		 {422--450},
  crossref =	 {Плеханов:Избранное:I}
}

@inbook{Плеханов:Энгельс:Фейербах:Предисловие-и-примечания,
  author =		 {Плеханов, Г. В},
  title =		 {Предисловие и примечание к~книге Ф.\,Энгельса
                  \qq{Людвиг Фейербах\ldots{}}},
  titleaddon =	 {Предисловие к~первому изданию (\qq{От переводчика})
                  и примечания Плеханова к~книге Ф.\,Энгельса
                  \qq{Людвиг Фейербах и конец классической немецкой
                  философии}},
  pages =		 {451--503},
  crossref =	 {Плеханов:Избранное:I}
}

@inbook{Плеханов:К-вопросу-о-развитии-монистического-взгляда,
  author =		 {Плеханов, Г. В},
  title =		 {К вопросу о развитии монистического взгляда на историю},
  pages =		 {507--730},
  crossref =	 {Плеханов:Избранное:I}
}

@book{Плеханов:Избранное:II,
  author =		 {Плеханов, Г. В},
  title =		 {Г.\,В.\,Плеханов. Избранные философские произведения
                  в~пяти томах},
  shortseries =	 {Избранные философские произведения в~5-ти~тт.},
  volume =		 {II},
  address =		 {Москва},
  publisher =	 {Госполитиздат},
  year =		 {1956},
  language =	 {russian},
  keywords =	 {меньшевизм, ревизионизм}
}

@inbook{Плеханов:Cant-против-Канта,
  author =		 {Плеханов, Г. В},
  title =		 {Cant против Канта или духовное завещание
                  г.\,Бернштейна},
  titleaddon =	 {Э.\,Бернштейн. Исторический материализм. Перевод
                  Л.\,Канцель. Второе издание. С.\hyp Петербург,
                  1901\,г.},
  pages =		 {373--402},
  crossref =	 {Плеханов:Избранное:II}
}

@inbook{Плеханов:Ещё-раз-материализм,
  author =		 {Плеханов, Г. В},
  title =		 {Ещё раз материализм},
  pages =		 {442--447},
  crossref =	 {Плеханов:Избранное:II}
}

@inbook{Плеханов:Критика-наших-критиков,
  author =		 {Плеханов, Г. В},
  title =		 {Критика наших критиков},
  pages =		 {504--633},
  crossref =	 {Плеханов:Избранное:II}
}

@inbook{Плеханов:Гром-не-из-тучи,
  author =		 {Плеханов, Г. В},
  title =		 {Гром не из тучи},
  titleaddon =	 {Письмо в~редакцию \qq{[Квали]}},
  pages =		 {682--701},
  crossref =	 {Плеханов:Избранное:II}
}

@book{Плеханов:Избранное:III,
  author =		 {Плеханов, Г. В},
  title =		 {Г.\,В.\,Плеханов. Избранные философские произведения
                  в~пяти томах},
  shortseries =	 {Избранные философские произведения в~5-ти~тт.},
  volume =		 {III},
  address =		 {Москва},
  publisher =	 {Госполитиздат},
  year =		 {1957},
  language =	 {russian},
  keywords =	 {меньшевизм, ревизионизм}
}

@inbook{Плеханов:Энгельс:Фейербах:Предисловие-к-2,
  author =		 {Плеханов, Г. В},
  title =		 {Предисловие ко~2-му изданию брошюры Ф.\,Энгельса
                  \qq{Людвиг Фейербах\ldots{}}},
  titleaddon =	 {Предисловие переводчика ко~2-му изданию брошюры
                  Ф.\,Энгельса \qq{Людвиг Фейербах и конец
                  классической немецкой философии}},
  pages =		 {67--88},
  crossref =	 {Плеханов:Избранное:III}
}

@inbook{Плеханов:Основные-вопросы-марксизма,
  author =		 {Плеханов, Г. В},
  title =		 {Основные вопросы марксизма},
  pages =		 {124--196},
  crossref =	 {Плеханов:Избранное:III}
}

@inbook{Плеханов:О-книге-Риккерта,
  author =		 {Плеханов, Г. В},
  title =		 {О книге Г.\,Риккерта},
  pages =		 {508--515},
  crossref =	 {Плеханов:Избранное:III}
}

@inbook{Плеханов:От-идеализма-к-материализму,
  author =		 {Плеханов, Г. В},
  title =		 {От~идеализма к~материализму},
  titleaddon =	 {Гегель и левые гегельянцы. --- Давид Фридрих Штраус.
                  --- Братья Бруно и Эдгар Бауэры. --- Фейербах},
  pages =		 {639--686},
  crossref =	 {Плеханов:Избранное:III}
}

@book{Плеханов:Соч:XIII,
  author =		 {Плеханов, Г. В},
  title =		 {Г.\,В.\,Плеханов. Сочинения},
  shortseries =	 {Соч.},
  volume =		 {XIII},
  address =		 {Москва and Ленинград},
  publisher =	 {Государственное издательство},
  year =		 {1926},
  editor =		 {Рязанова, Д},
  language =	 {russian},
  keywords =	 {меньшевизм, ревизионизм}
}

@inbook{Плеханов:Нечто-об-экономизме,
  author =		 {Плеханов, Г. В},
  title =		 {Нечто об \qq{экономизме} и об \qq{экономистах}},
  titleaddon =	 {Мысли вслух по поводу второго съезда Российской
                  Социал\hyp Демократической Рабочей Партии},
  pages =		 {14--22},
  crossref =	 {Плеханов:Соч:XIII}
}

@inbook{Плеханов:Рабочий-класс-и-СД,
  author =		 {Плеханов, Г. В},
  title =		 {Рабочий класс и социал\hyp демократическая
                  интеллигенция},
  pages =		 {116--140},
  crossref =	 {Плеханов:Соч:XIII}
}

@book{Плеханов:Соч:XV,
  author =		 {Плеханов, Г. В},
  title =		 {Г.\,В.\,Плеханов. Сочинения},
  shortseries =	 {Соч.},
  volume =		 {XV},
  address =		 {Москва and Ленинград},
  publisher =	 {Государственное издательство},
  year =		 {1926},
  editor =		 {Рязанова, Д},
  language =	 {russian},
  keywords =	 {меньшевизм, ревизионизм}
}

@inbook{Плеханов:Дневник-СД-5,
  author =		 {Плеханов, Г. В},
  title =		 {\qq{Дневник социал\hyp демократа} \textnumero\,5},
  titleaddon =	 {Март 1906\,г.},
  pages =		 {19--66},
  crossref =	 {Плеханов:Соч:XV}
}

@inbook{Плеханов:Речи-на-cтокгольмском-съезде,
  author =		 {Плеханов, Г. В},
  title =		 {Речи на Стокгольмском объединительном съезде РСДРП},
  pages =		 {67--88},
  crossref =	 {Плеханов:Соч:XV}
}

@inbook{Плеханов:Письма-о-тактике,
  author =		 {Плеханов, Г. В},
  title =		 {Письма о~тактике и бестактности},
  pages =		 {89--156},
  crossref =	 {Плеханов:Соч:XV}
}

@book{Плеханов:Статьи-и-речи-1917-1918:I,
  author =		 {Плеханов, Г. В},
  title =		 {Год на~родине},
  titleaddon =	 {Полное собрание статей и речей 1917--1918\,г. в~двух
                  томах},
  shortseries =	 {Полное собрание статей и речей 1917--1918\,г. в~2-х~тт.},
  volume =		 {1},
  address =		 {Париж},
  year =		 {1921},
  language =	 {russian},
  keywords =	 {меньшевизм, ревизионизми}
} % (кк)

@inbook{Плеханов:О-тезисах-Ленина,
  author =		 {Плеханов, Г. В},
  title =		 {О~тезисах Ленина и о~том, почему бред бывает подчас
                  интересен},
  pages =		 {19--29},
  crossref =	 {Плеханов:Статьи-и-речи-1917-1918:I}
} % (кк)

@article{Плеханов:ПЗМ:1931:Об-экономическом-факторе,
  author =		 {Плеханов, Г. В},
  journal =		 {Под знаменем марксизма},
  title =		 {Об экономическом факторе},
  number =		 {4--5},
  year =		 {1931},
%pages =        {},  % Уточнить!
  keywords     = {меньшевизм, ревизионизми}
}
