% Это произведение доступно по лицензии Creative Commons
% «Attribution-ShareAlike» («Атрибуция — На тех же условиях») 4.0
% Всемирная. Чтобы увидеть копию этой лицензии, посетите
% http://creativecommons.org/licenses/by-sa/4.0/.

@journal{ПЗМ:1930:2-3,
  title =		 {Под знаменем марксизма},
  number =		 {2--3},
  year =		 {1930}
}

@journal{ПЗМ:1928:1,
  title =		 {Под знаменем марксизма},
  number =		 {1},
  year =		 {1928}
}

@journal{ПЗМ:1934:1,
  title =		 {Под знаменем марксизма},
  number =		 {1},
  year =		 {1934}
}
