% Это произведение доступно по лицензии Creative Commons
% «Attribution-ShareAlike» («Атрибуция — На тех же условиях») 4.0
% Всемирная. Чтобы увидеть копию этой лицензии, посетите
% http://creativecommons.org/licenses/by-sa/4.0/.

@book{Троцкий:III:I,
  author =		 {Троцкий, Л. Д},
  title =		 {Сочинения},
  volume =		 {3},
  part =		 {1},
  address =		 {Москва and Ленинград},
  publisher =	 {Государственное издательство},
  year =		 {1925},
  language =	 {russian},
  keywords =	 {троцкизм},
  url      =     {https://dlib.rsl.ru/01007857544}
}

@book{Троцкий:XII,
  author =		 {Троцкий, Л. Д},
  title =		 {Сочинения},
  volume =		 {12},
  address =		 {Москва and Ленинград},
  publisher =	 {Государственное издательство},
  year =		 {1925},
  language =	 {russian},
  keywords =	 {троцкизм},
  url      =     {https://dlib.rsl.ru/01007860993}
}

@book{Троцкий:XXI,
  author =		 {Троцкий, Л. Д},
  title =		 {Сочинения},
  volume =		 {21},
  address =		 {Москва and Ленинград},
  publisher =	 {Государственное издательство},
  year =		 {1927},
  language =	 {russian},
  keywords =	 {троцкизм},
  url      =     {https://dlib.rsl.ru/01007860298}
}

@book{Троцкий:Менделеев-и-марксизм,
  author =		 {Троцкий, Л. Д},
  title =		 {Д.\,И.\,Менделеев и марксизм},
  titleaddon =	 {Доклад четвертому Менделеевскому съезду по чистой и
                  прикладной химии 17~сентября~1925\,г.},
  address =		 {Москва and Ленинград},
  publisher =	 {Государственное издательство},
  year =		 {1925},
  keywords =	 {троцкизм}
}

@book{Троцкий:История-революции,
  author =		 {Троцкий, Л. Д},
  title =		 {История русской революции},
  volume =		 {I},
  publisher =	 {Гранит},
  address =		 {Берлин},
  year =		 {1931},
  keywords =	 {троцкизм}
}

@book{Троцкий:Моя-жизнь,
  author =		 {Троцкий, Л. Д},
  title =		 {Моя жизнь},
  titleaddon =	 {Опыт автобиографии},
  publisher =	 {Гранит},
  address =		 {Берлин},
  year =		 {1930},
  keywords =	 {троцкизм}
}

@book{Троцкий:Поколение-Октября,
  author =		 {Троцкий, Л. Д},
  title =		 {Поколение Октября},
  address =		 {Петроград and Москва},
  publisher =	 {Молодая гвардия},
  year =		 {1924},
  keywords =	 {троцкизм}
}

@book{Троцкий:Культура-и-социализм,
  author =		 {Троцкий, Л. Д},
  title =		 {Культура и социализм},
  year =		 {1927},
  keywords =	 {троцкизм}
}

@book{Троцкий:1905,
  author =		 {Троцкий, Л. Д},
  title =		 {1905~год},
  year =		 {1922},
  publisher =	 {ГИЗ},
  address =		 {Москва},
  keywords =	 {троцкизм}
}

@book{Троцкий:Наша-революция,
  author =		 {Троцкий, Л. Д},
  title =		 {Наша революция},
  keywords =	 {троцкизм}
}

@book{Троцкий:Терроризм-и-коммунизм,
  author =		 {Троцкий, Л. Д},
  title =		 {Терроризм и коммунизм},
  publisher =	 {ГИЗ},
  year =		 {1920},
  keywords =	 {троцкизм}
}

@book{Троцкий:Литература-и-революция,
  author =		 {Троцкий, Л. Д},
  title =		 {Литература и революция},
  publisher =	 {Красная новь},
  address =		 {Москва},
  year =		 {1923},
  keywords =	 {троцкизм}
}

@book{Троцкий:Европа-и-Америка,
  author =		 {Троцкий, Л. Д},
  title =		 {Европа и Америка},
  publisher =	 {Госиздат},
  address =		 {Москва and Ленинград},
  year =		 {1926},
  keywords =	 {троцкизм}
}

@book{Троцкий:Наши-политические-задачи,
  author =		 {Троцкий, Л. Д},
  title =		 {Наши политические задачи},
  foreword =	 {Ярославский, Ем},
  publisher =	 {Истпарт ЦК~ВКП(б)},
  address =		 {Москва and Ленинград},
  year =		 {1928},
  keywords =	 {троцкизм}
}

@book{Зигварт:Логика-I,
  author =		 {Зигварт, Х},
  title =		 {Логика},
  volume =		 {I},
  address =		 {Санкт-Петербург},
  publisher =	 {Общественная польза},
  year =		 {1908},
  language =	 {russian},
  keywords =	 {идеализм, неокантианство, формальная логика,
                  метафизическая логика}
}

@book{Planck:Positivismus,
  author =		 {Planck, M},
  title =		 {Positivismus und reale Außenwelt},
  year =		 {1931},
  address =		 {Lpz.},
  language =	 {german},
  langid =		 {german},
  presort =		 {nn},
  keywords =	 {идеализм, позитивизм}
}

@inbook{Бергсон:Введение-в-метафизику,
  author =		 {Бергсон, А},
  title =		 {Введение в~метафизику},
  booktitle =	 {Творческая эволюция. Материя и память},
  address =		 {Минск},
  publisher =	 {Харвест},
  year =		 {1999},
  pages =		 {1172--1222},
  language =	 {russian},
  keywords =	 {идеализм, философский интуитивизм, мистицизм}
}

@article{Гуссерль:строгая-наука,
  author =       {Гуссерль, Э},
  title =        {Философия как строгая наука},
  journal =      {Логос. Международный ежегодник по философии
                  культуры},
  shortseries =  {Логос},
  number =       {1},
  pages =        {1--56},
  year =         {1911},
  address =      {Москва},
  language =     {russian},
  keywords = {субъективный идеализм, философский интуитивизм, мистицизм}
}

@book{Kroner:Von-Kant-bis-Hegel,
  author =       {Kroner, R},
  title =        {Von Kant bis Hegel},
  publisher =    {J.C.B. Mohr},
  address =      {Tübingen},
  year =         {1921},
  language =     {german},
  langid =       {german},
  presort =      {nn},
  keywords = {идеализм, иррационализм, неогегельянство, мистицизм}
}

@book{Litt:Gegenwart,
  author =       {Litt, Th},
  title =        {Die Philosophie der Gegenwart},
  titleaddon =   {und ihr Einfluss auf das Bildungsideal},
  address =      {Leipzig and Berlin},
  year =         {1925},
  language =     {german},
  langid =       {german},
  presort =      {nn},
  keywords = {идеализм, неогегельянство}
}

@book{Gentile:Sistema-di-Logica,
  author =       {Gentile, G},
  title =        {Sistema di Logica},
  language =     {italian},
  langid =       {italian},
  presort =      {nn},
  keywords = {субъективный идеализм, неогегельянство, фашизм}
}

@book{Gentile:Esprit-acte-pur,
  author =       {Gentile, G},
  title =        {L'esprit acte pur},
  language =     {french},
  langid =       {french},
  presort =      {nn},
  keywords = {субъективный идеализм, неогегельянство, фашизм}
}

@book{Зиновьев:Ленинизм,
  author =		 {Зиновьев},
  title =		 {Ленинизм},
  titleaddon =	 {Введение в~изучение ленинизма},
  edition =		 {2},
  publisher =	 {Государственное издательство},
  year =		 1926,
  keywords =	 {ревизионизм, оппортунизм, зиновьевщина, троцкизм}
}
