% Это произведение доступно по лицензии Creative Commons
% «Attribution-ShareAlike» («Атрибуция — На тех же условиях») 4.0
% Всемирная. Чтобы увидеть копию этой лицензии, посетите
% http://creativecommons.org/licenses/by-sa/4.0/.

@book{Богданов:Философия-живого-опыта,
  author = {Богданов, А. А},
  title = {Философия живого опыта},
  titleaddon = {Популярные очерки},
  edition   = {2},
  publisher = {Издательство М.\,И.\,Семенова},
  year      = {1914},
  address   = {Петроград},
  language  = {russian},
  url       = {http://books.e-heritage.ru/book/10071909},
  keywords  = {ревизионизм, эмпириомонизм}
}

@book{Богданов:Тектология:I,
  author = {Богданов, А. А},
  title = {Тектология},
  titleaddon = {Всеобщая организационная наука},
  volume    = {1},
%  volumes   = {2},
  publisher = {Экономика},
  year      = {1989},
  address   = {Москва},
  language  = {russian},
  keywords  = {ревизионизм, эмпириомонизм, тектология}
}

@book{Богданов:Пролетарская-культура,
  author =		 {Богданов, А. А},
  title =		 {О~пролетарской культуре},
  titleaddon =	 {1904--1924},
  publisher =	 {Книга},
  year =		 {1924},
  address =		 {Москва},
  language =	 {russian},
  keywords =	 {ревизионизм, эмпириомонизм, тектология}
}

@book{Бухарин:Теория-ИМ,
  author = {Бухарин, Н. И},
  title = {Теория исторического материализма},
  titleaddon = {Популярный учебник марксистской социологии},
  address      = {Москва},
  publisher    = {Государственное издательство},
  year         = {1921},
  language     = {russian},
  url          = {https://dlib.rsl.ru/viewer/01007888507},
  keywords     = {ревизионизм, оппортунизм, механицизм}
}

@collection{Бухарин:Атака,
  author =		 {Бухарин, Н. И},
  title =		 {Атака},
  subtitle =	 {Сборник теоретических статей},
  edition =		 {2},
  address =		 {Москва},
  publisher =	 {Государственное издательство},
  year =		 {1924},
  language =	 {russian},
  url =			 {https://dlib.rsl.ru/viewer/01008259960},
  keywords =	 {ревизионизм, оппортунизм, механицизм}
}

@inbook{Бухарин:К-постановке-проблем-ИМ,
  author =		 {Бухарин, Н. И},
  title =		 {К~постановке проблем теории исторического
                  материализма},
  titleaddon =	 {Беглые заметки},
  pages =		 {115--127},
  url =			 {https://dlib.rsl.ru/viewer/01008259960#?page=131},
  crossref =	 {Бухарин:Атака}
}

@inbook{Бухарин:Ленин-как-марксист,
  author =		 {Бухарин, Н. И},
  title =		 {Ленин как марксист},
  pages =		 {242--289},
  crossref =	 {Бухарин:Атака}
}

@book{Бухарин:Экономика-переходного-периода,
  author =		 {Бухарин, Н. И},
  title =		 {Экономика переходного периода},
  titleaddon =	 {Общая теория трансформационного процесса},
  maintitle =	 {Труды Социалистической академии общественных наук},
  part =		 {1},
  address =		 {Москва},
  publisher =	 {Государственное издательство},
  year =		 {1920},
  pages =		 {157},
  language =	 {russian},
  keywords =	 {ревизионизм, оппортунизм, механицизм}
}

@book{Бухарин:о-закономерностях-переходного-периода,
  author =		 {Бухарин, Н. И},
  title =		 {К вопросу о закономерностях переходного периода},
  titleaddon =	 {Критические замечания на книгу Е.\,Преображенского
                  \qq{Новая экономика}},
  address =		 {Москва and Ленинград},
  publisher =	 {Московский рабочий},
  year =		 {1928},
  pages =		 {92},
  language =	 {russian},
  keywords =	 {ревизионизм, оппортунизм, механицизм}
}

@book{Бухарин:К-вопросу-о-троцкизме,
  author =		 {Бухарин, Н. И},
  title =		 {К вопросу о троцкизме},
  address =		 {Москва and Ленинград},
  publisher =	 {ГИЗ},
  year =		 {1925},
  pages =		 {192},
  language =	 {russian},
  keywords =	 {ревизионизм, оппортунизм, механицизм}
}

@book{Бухарин:Заметки-экономиста,
  author =		 {Бухарин, Н. И},
  title =		 {Заметки экономиста},
  titleaddon =	 {К началу нового хозяйственного года},
  address =		 {Москва and Ленинград},
  publisher =	 {ГИЗ},
  year =		 {1928},
  pages =		 {56},
  language =	 {russian},
  keywords =	 {ревизионизм, оппортунизм, механицизм}
}

@incollection{Бухарин:Революция-и-право,
  author =		 {Бухарин, Н. И},
  crossref =	 {Революция-и-право}
}

@book{Бухарин:Путь-к-социализму,
  author =		 {Бухарин, Н. И},
  title =		 {Путь к социализму и рабоче\hyp крестьянский союз},
  edition =		 {4},
  address =		 {Москва and Ленинград},
  publisher =	 {ГИЗ},
  year =		 {1927},
  language =	 {russian},
  keywords =	 {ревизионизм, оппортунизм, механицизм},
  url =			 {https://dlib.rsl.ru/viewer/01000709703}
}

@book{Луппол:Ленин-и-философия,
  author =       {Луппол, И. К},
  title =        {Ленин и философия},
  titleaddon   = {К~вопросу об отношении философии к~революции},
  edition      = {3},
  address      = {Москва and Ленинград},
  publisher    = {Государственное издательство},
  year         = {1930},
  url          = {https://dlib.rsl.ru/viewer/01008720951},
  language     = {russian},
  keywords     = {ревизионизм, оппортунизм, меньшевиствующий идеализм}
}

@article{Луппол:К-вопросу-о-теоретических-корнях-правого,
  author =		 {Луппол, И. К},
  title =		 {К вопросу о теоретических корнях правого уклона},
  journal =		 {Большевик},
  number =		 {18},
  year =		 {1929},
  language =	 {russian},
  keywords =	 {ревизионизм, оппортунизм, меньшевиствующий идеализм}
}

@article{Карев:ПЗМ:1924:1,
  author =       {Карев, Н},
  title =        {}, % Уточнить
  journal =      {Под знаменем марксизма},
  number =       {1},
%  pages  =      {} % Уточнить
  year =         {1924},
  language =     {russian},
  keywords     = {ревизионизм, оппортунизм, меньшевиствующий идеализм}
}

@article{Карев:ПЗМ:1924:О-изучении-Гегеля,
  author =       {Карев, Н},
  title =        {О~действительном и недействительном изучении Гегеля},
  journal =      {Под знаменем марксизма},
  number =       {4--5},
%  pages  =      {} % Уточнить
  year =         {1924},
  language =     {russian},
  keywords     = {ревизионизм, оппортунизм, меньшевиствующий идеализм}
}

@article{Карев:ПЗМ:1925:8-9,
  author =       {Карев, Н},
  title =        {},
  journal =      {Под знаменем марксизма},
  number =       {8--9},
%  pages  =      {} % Уточнить
  year =         {1925},
  language =     {russian},
  keywords     = {ревизионизм, оппортунизм, меньшевиствующий идеализм}
}

@article{Карев:ПЗМ:1926:12:Вместо-статьи-к-5,
  author =       {Карев, Н},
  title =        {Вместо статьи к~пятилетию журнала},
  journal =      {Под знаменем марксизма},
  number =       {12},
%  pages  =      {} % Уточнить
  year =         {1926},
  language =     {russian},
  keywords     = {ревизионизм, оппортунизм, меньшевиствующий идеализм}
}

@article{Карев:ПЗМ:1929:5:К-вопросу-о-предмете,
  author =       {Карев, Н},
  title =        {К вопросу о предмете политической экономии},
  journal =      {Под знаменем марксизма},
  number =       {5},
  year =         {1929},
  language =     {russian},
  keywords     = {ревизионизм, оппортунизм, меньшевиствующий идеализм}
}

@article{Карев:ПЗМ:1929:12:Исторический-материализм,
  author =       {Карев, Н},
  title =        {Исторический материализм как наука},
  journal =      {Под знаменем марксизма},
  number =       {12},
  year =         {1929},
  language =     {russian},
  keywords     = {ревизионизм, оппортунизм, меньшевиствующий идеализм}
}

@article{Карев:ПЗМ:1930:6,
  author =       {Карев, Н},
  title =        {}, % Уточнить!
  journal =      {Под знаменем марксизма},
  number =       {6},
  year =         {1930},
  language =     {russian},
  keywords     = {ревизионизм, оппортунизм, меньшевиствующий идеализм}
}

@book{Деборин:Ленин-как-мыслитель,
  author =       {Деборин, А},
  title =        {Ленин как мыслитель},
  edition =      {3},
  year    =      {1929},
  publisher    = {Государственное издательство},
  address      = {Москва and Ленинград},
  language =     {russian},
  keywords     = {ревизионизм, оппортунизм, меньшевиствующий идеализм}
}

@suppbook{Деборин:Ленин:IX:Предисловие,
  author =		 {Деборин, А},
  title =		 {Предисловие},
  booktitle =	 {Ленинский сборник},
  volume =		 {IX},
  publisher =	 {Институт Ленина при ЦК ВКП(б)},
  language =	 {russian},
  keywords =	 {ревизионизм, оппортунизм, меньшевиствующий идеализм}
}

@inbook{Деборин:Диалектика-у-Канта,
  author =		 {Деборин, А},
  title =		 {Диалектика у~Канта},
  pages =		 {13--75},
  crossref =	 {Маркс-Энгельс:Архив:I},
  language =	 {russian},
  keywords =	 {ревизионизм, оппортунизм, меньшевиствующий идеализм}
}

@book{Деборин:Диалектика-и-естествознание,
  author = {Деборин, А},
  title  = {Диалектика и естествознание},
  year   = {1930},
  edition = {4},
  publisher = {Государственное издательство},
  address   = {Москва and Ленинград},
  language  = {russian},
  keywords  = {ревизионизм, оппортунизм, меньшевиствующий идеализм}
}

@book{Деборин:Философия-и-марксизм,
  author =	 {Деборин, А},
  title =	 {Философия и марксизм},
  year =	 1930,
  edition  = {2},
  publisher = {Государственное издательство},
  address   = {Москва and Ленинград},
  language  = {russian},
  keywords  = {ревизионизм, оппортунизм, меньшевиствующий идеализм}
}

@book{Деборин:Философия-марксизма,
  author =	 {Деборин, А},
  title =	 {Философия марксизма},
  year =	 1930,
  language = {russian},
  keywords  = {ревизионизм, оппортунизм, меньшевиствующий идеализм}
}

@book{Деборин:Фейербах,
  author =	 {Деборин, А},
  title =	 {Людвиг Фейербах},
  year =	 1923,
  publisher = {Материалист},
  address   = {Москва},
  language = {russian},
  keywords  = {ревизионизм, оппортунизм, меньшевиствующий идеализм}
}

@collection{Деборин:Диалектика-и-естествознание,
  author =		 {Деборин, А},
  title =		 {Диалектика и естествознание},
  edition =		 {4},
  year =		 1930,
  publisher =	 {ГИЗ},
  address =		 {Москва},
  language =	 {russian},
  keywords =	 {ревизионизм, оппортунизм, меньшевиствующий идеализм},
  url =			 {https://dlib.rsl.ru/01008252971}
}

@incollection{Деборин:Наши-разногласия,
  author =		 {Деборин, А},
  title =		 {Наши разногласия},
  crossref =	 {Деборин:Диалектика-и-естествознание},
}

@article{Деборин:ПЗМ:1928:1,
  author =		 {Деборин, А},
  crossref =	 {ПЗМ:1928:1}
}

@article{Деборин:Революция-и-культура:1927:1,
  author =		 {Деборин, А},
  journal =		 {Революция и культура},
  number =		 {1},
  year =		 {1927},
}

@book{Гоникман:Ленин-философ,
  author =       {Гоникман},
  title =        {Ленин как философ},
  edition =      {2},
  year     =     1925,
  publisher    = {Буревестник},
  address      = {Ростов-на-Дону},
  keywords     = {ревизионизм, оппортунизм, меньшевиствующий идеализм}
}

@article{Гоникман:ПЗМ:1930:Теория-классов,
  author =		 {Гоникман},
  title =		 {Теория классов и классовая борьба в
                  капиталистическом обществе},
  crossref =	 {ПЗМ:1930:2-3},
  keywords =	 {ревизионизм, оппортунизм, меньшевиствующий идеализм}
}

@book{Гессен:идеи-ТО,
  author =       {Гессен, Б. М},
  title =        {Основные идеи теории относительности},
  address =      {Москва and Ленинград},
  publisher =    {Московский рабочий},
  year =         {1928},
  keywords  = {ревизионизм, оппортунизм, меньшевиствующий идеализм}
}

@article{Сарабьянов:ПЗМ:1926:6,
  author =       {Сарабьянов, В. Н},
  journal =      {Под знаменем марксизма},
  number =       {6},
  year =         {1926},
  %pages =        {64},  % Уточнить!
  keywords     = {ревизионизм, оппортунизм, механицизм}
}

@book{Сарабьянов:Исторический-материализм,
  author =       {Сарабьянов, В. Н},
  title =        {Исторический материализм},
  %year =         {1926},
  %pages =       {64},  % Уточнить!
  keywords     = {ревизионизм, оппортунизм, механицизм}
}

@book{Рубин:Очерки-стоимости,
  author =       {Рубин, И. И},
  title =        {Очерки по теории стоимости Маркса},
  edition =      {4},
  year =         {1929},
  publisher =    {Государственное издательство},
  address =      {Москва and Ленинград},
  keywords     = {ревизионизм, меньшевизм, неокантианство}
}

@article{Подволоцкий:ВКА:1929:35-36,
  author = {Подволоцкий, И},
  journal = {Вестник Коммунистической академии},
  number = {35--36},
  year = {1929},
  keywords  = {ревизионизм, оппортунизм, меньшевиствующий идеализм}
  %pages = {280} % Уточнить!
}

@book{Степанов:Истмат-и-естествознание,
  author    = {Скворцов-Степанов, И. И},
  title     = {Исторический материализм и современное естествознание},
  year      = {1925},
  publisher = {Государственное издательство},
  address   = {Москва},
  keywords  = {ревизионизм, оппортунизм, механицизм}
}

@collection{Механистическое-естествознание-и-диамат,
  title =		 {Механистическое естествознание и диалектический
                  материализм},
  titleaddon =	 {Дискуссия о~книжке Степанова \qq{Современное
                  естествознание и исторический материализм} в~Совете
                  НИТa 8~фев.~1925\,г.},
  address =		 {Вологда},
  publisher =	 {Северный печатник},
  year =		 {1925},
  keywords =	 {ревизионизм, оппортунизм, механицизм}
}

@book{Канатчиков:История-одного-уклона,
  author =		 {Канатчиков, C},
  title =		 {История одного уклона},
  address =		 {Ленинград},
  publisher =	 {Прибой},
  year =		 {1924},
  keywords =	 {ревизионизм, оппортунизм, троцкизм},
  url =			 {https://dlib.rsl.ru/viewer/01008035782}
}

@incollection{Преображенский:ВМ:II,
  author =		 {Преображенский, Е. А},
  crossref =	 {Воинствующий-материалист:II},
  keywords =	 {ревизионизм, оппортунизм, меньшевизм, механицизм}
}

@book{Преображенский:Новая-экономика,
  author =		 {Преображенский, Е. А},
  title =		 {Новая экономика},
  titleaddon =	 {Опыт теоретического анализа советского хозяйства},
  publisher =	 {Издательство Коммунистической академии. Секция
                  экономики},
  edition =		 {2-е},
  volume =		 {1},
  part =		 {1},
  address =		 {Москва},
  year =		 {1926},
  pages =		 {335},
  language =	 {russian},
  keywords =	 {ревизионизм, оппортунизм, меньшевизм, механицизм}
}

@book{Струве:Хозяйство-и-цена:I,
  title =		 {Хозяйство и цена : критическия исследования по
                  теории и истории хозяйственной жизни},
  titleaddon =	 {Изследования и работы по политической экономии и
                  общественным знаниям, издаваемые под редакцией
                  П.\,Б.\,Струве},
  author =		 {Струве, П. Б},
  address =		 {Санкт-Петербург and Москва},
  publisher =	 {Издание В.\,П.\,Рябушинскаго},
  year =		 {1913},
  part =		 {1},
  pages =		 {358},
  language =	 {russian},
  keywords =	 {ревизионизм, "легальный марксизм"}
}

@book{Струве:Хозяйство-и-цена:II,
  title =		 {Хозяйство и цена : критическия исследования по
                  теории и истории хозяйственной жизни},
  titleaddon =	 {Изследования и работы по политической экономии и
                  общественным знаниям, издаваемые под редакцией
                  П.\,Б.\,Струве},
  author =		 {Струве, П. Б},
  address =		 {Санкт-Петербург and Москва},
  publisher =	 {Издание В.\,П.\,Рябушинскаго},
  year =		 {1916},
  part =		 {2},
  pages =		 {108},
  language =	 {russian},
  keywords =	 {ревизионизм, "легальный марксизм"},
  url =			 {https://dlib.rsl.ru/viewer/01004016971}
}

@inbook{Удальцов:К-теории-классов-у-Маркса-и-Энгельса,
  author =		 {Удальцов, А},
  title =		 {К теории классов у Маркса и Энгельса},
  pages =		 {401--424},
  crossref =	 {Маркс-Энгельс:Архив:I},
  language =	 {russian},
  keywords =	 {ревизионизм, оппортунизм}
}

@book{Попов-Резвушкин:О-перерастании,
  author =		 {Попов, К and Резвушкин, Я},
  title =		 {О~перерастании буржуазно\hyp демократической
                  революции в~социалистическую},
  titleaddon =	 {Учение Ленина и его критики},
  address =		 {Москва and Ленинград},
  publisher =	 {Госиздат},
  year =		 {1929},
  keywords =	 {ревизионизм, оппортунизм, уступка троцкизму},
  url =			 {https://dlib.rsl.ru/viewer/01008044523}
}
