% Это произведение доступно по лицензии Creative Commons
% «Attribution-ShareAlike» («Атрибуция — На тех же условиях») 4.0
% Всемирная. Чтобы увидеть копию этой лицензии, посетите
% http://creativecommons.org/licenses/by-sa/4.0/.

@book{Меринг:На-философские-и-литературные,
  author = {Меринг, Ф},
  title = {На философские и литературные темы},
  titleaddon = {Сборник статей под ред. С.\,Вольфсона},
  year = {1923},
  address = {Минск},
  publisher = {Белтрестпечать},
  language = {russian},
  keywords = {публицистика, с.-д.}
}

@book{Меринг:На-страже-марксизма,
  author = {Меринг, Ф},
  title = {На страже марксизма},
  publisher = {Государственное издательство},
  year = {1927},
  address = {Москва and Ленинград},
  translator = {Леонтьев Е and И},
  language = {russian},
  keywords = {публицистика, с.-д.}
} %(кк)

@book{Л.Аксельрод:Философские-очерки,
  author = {Аксельрод, Л. И},
  title = {Философские очерки},
  titleaddon = {Ответ философским критикам исторического материализма},
  address   = {Москва and Петроград},
  publisher = {Государственное издательство},
  year      = {1923},
  language  = {russian},
  keywords  = {меньшевизм, ревизионизм, оппортунизм, с.-д.}
}

@inbook{Л.Аксельрод:Ленин:МиЭ,
  author       = {Аксельрод, Л. И},
  title        = {Рецензия на книгу В.\,И.\,Ленина \qq{Материализм и
                  эмпириокритицизм}},
  booktitle    = {В.\,И.\,Ленин. Сочинения},
  volume       = {XIII},
  language     = {russian},
  keywords     = {меньшевизм, ревизионизм, оппортунизм, с.-д.}
}

@incollection{Л.Аксельрод:Два-течения,
  title     = {Два течения},
  booktitle = {\qq{На рубеже}},
  author    = {Аксельрод, Л. И},
  year      = {1909},
  language  = {russian},
  keywords  = {меньшевизм, ревизионизм, оппортунизм, с.-д.}
}

@book{Л.Аксельрод:В-защиту-ДМ,
  author = {Аксельрод, Л. И},
  title = {В~защиту диалектического материализма},
  titleaddon = {Против схоластики},
  address   = {Москва and Ленинград},
  publisher = {Государственное издательство},
  year      = {1928},
  language  = {russian},
  keywords  = {меньшевизм, ревизионизм, оппортунизм, с.-д.}
}

@book{Каутский:Материалистическое-понимание-истории-I,
  author =		 {Каутский, К},
  title =		 {Материалистическое понимание истории},
  translator =	 {Преображенский, Е. А},
  volume =		 {I},
  address =		 {Москва and Ленинград},
  publisher =	 {СОЦЭКГИЗ},
  year =		 {1931},
  language =	 {russian},
  keywords =	 {меньшевизм, ревизионизм, оппортунизм, с.-д.}
}

@book{Каутский:Материалистическое-понимание-истории-II,
  author =		 {Каутский, К},
  title =		 {Материалистическое понимание истории},
  titleaddon =	 {Государство и развитие человечества},
  translator =	 {Преображенский, Е. А},
  volume =		 {II},
  address =		 {Москва and Ленинград},
  publisher =	 {СОЦЭКГИЗ},
  year =		 {1931},
  language =	 {russian},
  keywords =	 {меньшевизм, ревизионизм, оппортунизм, с.-д.}
}

@book{Kautsky:Die-materialistische-Geschichtsauffassung-I,
  author =		 {Kautsky, K},
  title =		 {Die materialistische Geschichtsauffassung},
  titleaddon =	 {Natur und Gesellschaft},
  address =		 {Berlin},
  publisher =	 {Dietz},
  year =		 {1927},
  volume =		 {1},
  pages =		 {891},
  language =	 {german},
  keywords =	 {меньшевизм, ревизионизм, оппортунизм, с.-д.}
}

@book{Kautsky:Die-materialistische-Geschichtsauffassung-II,
  author =		 {Kautsky, K},
  title =		 {Die materialistische Geschichtsauffassung},
  titleaddon =	 {Der Staat und die Entwicklung der Menschheit},
  address =		 {Berlin},
  publisher =	 {Dietz},
  year =		 {1927},
  volume =		 {2},
  pages =		 {895},
  language =	 {german},
  keywords =	 {меньшевизм, ревизионизм, оппортунизм, с.-д.}
}

@book{Кунов:Марксова-теория-исторического-процесса,
  author =		 {Кунов, Г},
  title =		 {Марксова теория исторического процесса, общества и
                  государства},
  translator =	 {Алексеев, С, А},
  foreword =	 {Альтер, И},
  address =		 {Москва and Ленинград},
  publisher =	 {ГИЗ},
  year =		 {1930},
  language =	 {russian},
  keywords =	 {ревизионизм, оппортунизм, с.-д.}
}
