% Это произведение доступно по лицензии Creative Commons
% «Attribution-ShareAlike» («Атрибуция — На тех же условиях») 4.0
% Всемирная. Чтобы увидеть копию этой лицензии, посетите
% http://creativecommons.org/licenses/by-sa/4.0/.

@book{Сталин:Соч:3,
  author =		 {Сталин, И. В},
  title =		 {И.\,В.\,Сталин. Cочинения},
  shortseries =	 {Соч.},
  volume =		 {3},
  address =		 {Москва},
  publisher =	 {Государственное издательство политической
                  литературы},
  year =		 {1946},
  language =	 {russian},
  keywords =	 {марксизм-ленинизм}
}

@inbook{Сталин:Выступления-на-VI-съезде,
  author =		 {Сталин, И. В},
  title =		 {Выступления на VI~съезде РСДРП (большевиков) 26~июля -- 3~августа~1917\,г.},
  pages =		 {156--187},
  crossref =	 {Сталин:Соч:3}
}

@book{Сталин:Соч:4,
  author =		 {Сталин, И. В},
  title =		 {И.\,В.\,Сталин. Cочинения},
  shortseries =	 {Соч.},
  volume =		 {4},
  address =		 {Москва},
  publisher =	 {Государственное издательство политической
                  литературы},
  year =		 {1953},
  language =	 {russian},
  keywords =	 {марксизм-ленинизм}
}

@inbook{Сталин:Ленин-как-организатор-и-вождь-РКП,
  author =		 {Сталин, И. В},
  title =		 {Ленин, как организатор и вождь РКП},
  pages =		 {305--315},
  crossref =	 {Сталин:Соч:4}
} % (кк)

@book{Сталин:Соч:6,
  author =		 {Сталин, И. В},
  title =		 {И.\,В.\,Сталин. Cочинения},
  shortseries =	 {Соч.},
  volume =		 6,
  address =		 {Москва},
  publisher =	 {Государственное издательство политической
                  литературы},
  year =		 {1947},
  language =	 {russian},
  keywords =	 {марксизм-ленинизм}
}

@inbook{Сталин:О-Ленине,
  author =		 {Сталин, И. В},
  title =		 {О~Ленине},
  titleaddon =	 {Речь на вечере кремлёвских курсантов 28~января~1924\,г.},
  pages =		 {52--64},
  crossref =	 {Сталин:Соч:6},
} % (кк)

@inbook{Сталин:Об-основах-ленинизма,
  author =		 {Сталин, И. В},
  title =		 {Об~основах ленинизма. Лекции, читанные
                  в~Свердловском университете},
  pages =		 {69--188},
  crossref =	 {Сталин:Соч:6}
}

@book{Сталин:Соч:7,
  author =		 {Сталин, И. В},
  title =		 {И.\,В.\,Сталин. Cочинения},
  shortseries =	 {Соч.},
  volume =		 7,
  address =		 {Москва},
  publisher =	 {Государственное издательство политической
                  литературы},
  year =		 {1952},
  language =	 {russian},
  keywords =	 {марксизм-ленинизм}
}

@inbook{Сталин:XIV-съезд:Заключительное,
  author =		 {Сталин, И. В},
  title =		 {Заключительное слово по политическому отчету
                  Центрального Комитета XIV~съезду ВКП(б) 23~декабря~1925\,г.},
  pages =		 {353--391},
  crossref =	 {Сталин:Соч:7}
}

@book{Сталин:Соч:8,
  author =		 {Сталин, И. В},
  title =		 {И.\,В.\,Сталин. Cочинения},
  shortseries =	 {Соч.},
  volume =		 8,
  address =		 {Москва},
  publisher =	 {Государственное издательство политической
                  литературы},
  year =		 {1948},
  language =	 {russian},
  keywords =	 {марксизм-ленинизм}
}

@inbook{Сталин:К-вопросам-ленинизма,
  author =		 {Сталин, И. В},
  title =		 {К вопросам ленинизма},
  pages =		 {13--90},
  crossref =	 {Сталин:Соч:8}
}

@inbook{Сталин:СД-уклон:Заключительное,
  author =		 {Сталин, И. В},
  title =		 {Заключительное слово по докладу \qq{О социал\hyp
                  демократическом уклоне в нашей партии} на
                  XV~Всесоюзной конференции ВКП(б) 3~ноября~1926\,г.},
  pages =		 {298--356},
  crossref =	 {Сталин:Соч:8}
}

@book{Сталин:Соч:9,
  author =		 {Сталин, И. В},
  title =		 {И.\,В.\,Сталин. Cочинения},
  shortseries =	 {Соч.},
  volume =		 9,
  address =		 {Москва},
  publisher =	 {Государственное издательство политической
                  литературы},
  year =		 {1948},
  language =	 {russian},
  keywords =	 {марксизм-ленинизм}
}

@inbook{Сталин:Ещё-СД-уклон,
  author =		 {Сталин, И. В},
  title =		 {Еще раз о~социал-демократическом уклоне в~нашей
                  партии},
  titleaddon =	 {Доклад на VII~расширенном пленуме ИККИ 7~декабря~1926\,г.},
  pages =		 {3--61},
  crossref =	 {Сталин:Соч:9}
}

@inbook{Сталин:ИККИ-VII:закл.,
  author =		 {Сталин, И. В},
  title =		 {Заключительное слово по докладу на VII~расширенном
                  пленуме ИККИ},
  titleaddon =	 {13~декабря~1926\,г.},
  pages =		 {62--151},
  crossref =	 {Сталин:Соч:9}
}

@book{Сталин:Соч:10,
  author =		 {Сталин, И. В},
  title =		 {И.\,В.\,Сталин. Cочинения},
  shortseries =	 {Соч.},
  volume =		 10,
  address =		 {Москва},
  publisher =	 {Государственное издательство политической
                  литературы},
  year =		 {1949},
  language =	 {russian},
  keywords =	 {марксизм-ленинизм}
}

@inbook{Сталин:Беседа-с-1-американской,
  author =		 {Сталин, И. В},
  title =		 {Беседа с~первой американской рабочей делегацией},
  titleaddon =	 {9~сентября~1927\,г.},
  pages =		 {92--148},
  crossref =	 {Сталин:Соч:10}
}

@book{Сталин:Соч:11,
  author =		 {Сталин, И. В},
  title =		 {И.\,В.\,Сталин. Cочинения},
  shortseries =	 {Соч.},
  volume =		 11,
  address =		 {Москва},
  publisher =	 {Государственное издательство политической
                  литературы},
  year =		 {1949},
  language =	 {russian},
  keywords =	 {марксизм-ленинизм}
}

@inbook{Сталин:О-правой-опасности,
  author =		 {Сталин, И. В},
  title =		 {О~правой опасности в~ВКП(б)},
  titleaddon =	 {Речь на пленуме МК и МКК~ВКП(б) 19~октября~1928\,г.},
  pages =		 {222--238},
  crossref =	 {Сталин:Соч:11}
}

@inbook{Сталин:индустриализация-и-правый-уклон,
  author =		 {Сталин, И. В},
  title =		 {Об~индустриализации страны и о~правом уклоне
                  в~ВКП(б)},
  titleaddon =	 {Речь на пленуме ЦК ВКП(б) 19~ноября~1928\,г},
  pages =		 {245--290},
  crossref =	 {Сталин:Соч:11}
}

@book{Сталин:Соч:12,
  author =		 {Сталин, И. В},
  title =		 {И.\,В.\,Сталин. Cочинения},
  shortseries =	 {Соч.},
  volume =		 12,
  address =		 {Москва},
  publisher =	 {Государственное издательство политической
                  литературы},
  year =		 {1949},
  language =	 {russian},
  keywords =	 {марксизм-ленинизм}
}

@inbook{Сталин:О-правом-уклоне,
  author =		 {Сталин, И. В},
  title =		 {О правом уклоне в~ВКП(б)},
  titleaddon =	 {Речь на пленуме ЦК и ЦКК~ВКП(б)
                  в~апреле~1929\,г. /Стенограмма/},
  pages =		 {1--107},
  crossref =	 {Сталин:Соч:12}
}

@inbook{Сталин:К-вопросам-аграрной,
  author =		 {Сталин, И. В},
  title =		 {К~вопросам аграрной политики в~СССР},
  titleaddon =	 {Речь на конференции аграрников\hyp марксистов
                  27~декабря~1929\,г.},
  pages =		 {141--172},
  crossref =	 {Сталин:Соч:12}
}

@inbook{Сталин:XVI-съезд:Полит-отчёт,
  author =		 {Сталин, И. В},
  title =		 {Политический отчет Центрального Комитета XVI~съезду
                  ВКП(б) 27~июня~1930\,г.},
  pages =		 {235--373},
  crossref =	 {Сталин:Соч:12}
}

@book{Сталин:Соч:13,
  author =		 {Сталин, И. В},
  title =		 {И.\,В.\,Сталин. Cочинения},
  shortseries =	 {Соч.},
  volume =		 13,
  address =		 {Москва},
  publisher =	 {Государственное издательство политической
                  литературы},
  year =		 {1951},
  language =	 {russian},
  keywords =	 {марксизм-ленинизм}
}

@inbook{Сталин:Итоги-1-пятилетки,
  author =		 {Сталин, И. В},
  title =		 {Итоги первой пятилетки},
  titleaddon =	 {Доклад на объединенном пленуме ЦК и ЦКК~ВКП(б)
                  7~января~1933\,г.},
  pages =		 {161--215},
  crossref =	 {Сталин:Соч:13}
}

@book{Сталин:На-путях-к-Октябрю,
  author =		 {Сталин, И. В},
  title =		 {На путях к~Октябрю},
  address =		 {Москва},
  publisher =	 {Государственное издательство политической
                  литературы},
  year =		 {1925},
  language =	 {russian},
  keywords =	 {марксизм-ленинизм}
} % (кк)

@book{Сталин:Об-оппозиции,
  author =		 {Сталин, И. В},
  title =		 {Об-оппозиции. Статии и речи 1921--27\,гг.},
  address =		 {Москва},
  publisher =	 {Государственное издательство политической
                  литературы},
  year =		 {1928},
  language =	 {russian},
  keywords =	 {марксизм-ленинизм}
} % (кк)

@book{Сталин:Вопросы-ленинизма,
  author =		 {Сталин, И. В},
  title =		 {Вопросы ленинизма},
  edition =		 {11},
  address =		 {Москва},
  publisher =	 {Государственное издательство политической
                  литературы},
  year =		 {1947},
  language =	 {russian},
  keywords =	 {марксизм-ленинизм}
}

@inbook{Сталин:О-ДИ-материализме,
  author =		 {Сталин, И. В},
  title =		 {О~диалектическом и историческом материализме},
  pages =		 {535--563},
  crossref =	 {Сталин:Вопросы-ленинизма}
}
