% Это произведение доступно по лицензии Creative Commons
% «Attribution-ShareAlike» («Атрибуция — На тех же условиях») 4.0
% Всемирная. Чтобы увидеть копию этой лицензии, посетите
% http://creativecommons.org/licenses/by-sa/4.0/.

@book{Сен-Симон:Избранные-сочинения,
  author =		 {Сен-Симон},
  title =		 {Избранные сочинения},
  volumes =		 {2},
  address =		 {Москва and Ленинград},
  publisher =	 {Издательство Академии наук СССР},
  year =		 {1948},
  editor =		 {Волгин, В. П},
  translator =   {Цетлин, Л. С},
  language =	 {russian},
  keywords =	 {французский утопический социализм}
}

@inbook{Сен-Симон:Письма-женевского-обитателя,
  author =		 {Сен-Симон},
  title =		 {Письма женевского обитателя к современникам},
  volume =		 {1},
  pages =		 {105--208},
  crossref =	 {Сен-Симон:Избранные-сочинения}
}
